Event Time, Symbol, Aggregate Trade ID, Price, Quantity, First Trade ID, Trade Time, Is Buyer Maker
1739158329065, BNBUSDT,658937154,605.61,55.53,1739158329003,True
1739158335150, BNBUSDT,658937281,605.15,27.06,1739158335126,False
1739158336797, BNBUSDT,658937320,605.33,30.54,1739158336788,True
1739158346139, BNBUSDT,658937465,604.53,32.9,1739158346132,True
1739158353034, BNBUSDT,658937571,605.1,29.66,1739158353029,False
1739158353034, BNBUSDT,658937586,605.25,33.62,1739158353029,False
1739158353034, BNBUSDT,658937592,605.31,28.94,1739158353029,False
1739158355292, BNBUSDT,658937656,605.24,27.49,1739158355262,True
1739158566208, BNBUSDT, 608.01, 0.01, 22:36:06, True
1739158566414, BNBUSDT, 608.0, 1.84, 22:36:06, True
1739158566427, BNBUSDT, 608.0, 8.58, 22:36:06, False
1739158566434, BNBUSDT, 607.99, 0.03, 22:36:06, True
1739158566540, BNBUSDT, 607.99, 0.41, 22:36:06, True
1739158566755, BNBUSDT, 608.0, 6.65, 22:36:06, False
1739158567123, BNBUSDT, 608.01, 2.58, 22:36:07, False
1739158567123, BNBUSDT, 608.02, 0.63, 22:36:07, False
1739158567133, BNBUSDT, 608.03, 0.82, 22:36:07, False
1739158567137, BNBUSDT, 608.05, 1.89, 22:36:07, False
1739158567137, BNBUSDT, 608.06, 0.58, 22:36:07, False
1739158567137, BNBUSDT, 608.09, 0.02, 22:36:07, False
1739158567161, BNBUSDT, 608.07, 2.0, 22:36:07, True
1739158567161, BNBUSDT, 608.05, 1.8, 22:36:07, True
1739158567161, BNBUSDT, 608.04, 0.82, 22:36:07, True
1739158567161, BNBUSDT, 608.03, 2.2, 22:36:07, True
1739158567161, BNBUSDT, 608.02, 7.38, 22:36:07, True
1739158567161, BNBUSDT, 608.01, 2.96, 22:36:07, True
1739158567197, BNBUSDT, 608.06, 1.58, 22:36:07, False
1739158567501, BNBUSDT, 608.09, 0.01, 22:36:07, True
1739158567883, BNBUSDT, 608.09, 3.2, 22:36:07, True
1739158568115, BNBUSDT, 608.02, 0.02, 22:36:08, True
1739158568292, BNBUSDT, 608.0, 3.23, 22:36:08, True
1739158568292, BNBUSDT, 607.99, 3.51, 22:36:08, True
1739158568432, BNBUSDT, 607.99, 1.66, 22:36:08, True
1739158568432, BNBUSDT, 607.98, 0.06, 22:36:08, True
1739158568432, BNBUSDT, 607.96, 0.98, 22:36:08, True
1739158568432, BNBUSDT, 607.95, 0.02, 22:36:08, True
1739158568432, BNBUSDT, 607.94, 7.55, 22:36:08, True
1739158568432, BNBUSDT, 607.93, 0.71, 22:36:08, True
1739158568432, BNBUSDT, 607.92, 0.68, 22:36:08, True
1739158568432, BNBUSDT, 607.91, 0.01, 22:36:08, True
1739158568432, BNBUSDT, 607.9, 0.52, 22:36:08, True
1739158568432, BNBUSDT, 607.89, 1.96, 22:36:08, True
1739158568432, BNBUSDT, 607.88, 3.32, 22:36:08, True
1739158568432, BNBUSDT, 607.87, 3.46, 22:36:08, True
1739158568432, BNBUSDT, 607.86, 9.16, 22:36:08, True
1739158568432, BNBUSDT, 607.85, 9.12, 22:36:08, True
1739158568432, BNBUSDT, 607.84, 3.12, 22:36:08, True
1739158568437, BNBUSDT, 607.87, 3.35, 22:36:08, True
1739158568758, BNBUSDT, 607.87, 0.06, 22:36:08, True
1739158568812, BNBUSDT, 607.83, 0.03, 22:36:08, True
1739158569138, BNBUSDT, 607.84, 0.1, 22:36:09, False
1739158569243, BNBUSDT, 607.83, 3.22, 22:36:09, True
1739158569255, BNBUSDT, 607.82, 0.01, 22:36:09, True
1739158569255, BNBUSDT, 607.8, 0.01, 22:36:09, True
1739158569323, BNBUSDT, 607.78, 0.11, 22:36:09, True
1739158569323, BNBUSDT, 607.75, 3.19, 22:36:09, True
1739158569323, BNBUSDT, 607.74, 0.67, 22:36:09, True
1739158569323, BNBUSDT, 607.73, 0.02, 22:36:09, True
1739158569323, BNBUSDT, 607.72, 0.02, 22:36:09, True
1739158569323, BNBUSDT, 607.69, 7.25, 22:36:09, True
1739158569323, BNBUSDT, 607.68, 0.68, 22:36:09, True
1739158569323, BNBUSDT, 607.67, 0.02, 22:36:09, True
1739158569323, BNBUSDT, 607.66, 5.59, 22:36:09, True
1739158569323, BNBUSDT, 607.65, 2.32, 22:36:09, True
1739158569365, BNBUSDT, 607.69, 2.04, 22:36:09, False
1739158569544, BNBUSDT, 607.77, 0.32, 22:36:09, True
1739158569685, BNBUSDT, 607.78, 3.7, 22:36:09, False
1739158569712, BNBUSDT, 607.79, 0.16, 22:36:09, False
1739158569712, BNBUSDT, 607.8, 0.02, 22:36:09, False
1739158569712, BNBUSDT, 607.82, 0.81, 22:36:09, False
1739158569728, BNBUSDT, 607.83, 0.02, 22:36:09, False
1739158570001, BNBUSDT, 607.84, 5.27, 22:36:10, False
1739158570001, BNBUSDT, 607.86, 1.63, 22:36:10, False
1739158570001, BNBUSDT, 607.87, 0.68, 22:36:10, False
1739158570001, BNBUSDT, 607.88, 2.27, 22:36:10, False
1739158570001, BNBUSDT, 607.89, 0.02, 22:36:10, False
1739158570001, BNBUSDT, 607.9, 7.6, 22:36:10, False
1739158570024, BNBUSDT, 607.91, 0.02, 22:36:10, False
1739158570024, BNBUSDT, 607.92, 0.68, 22:36:10, False
1739158570024, BNBUSDT, 607.93, 3.85, 22:36:10, False
1739158570043, BNBUSDT, 607.92, 5.06, 22:36:10, False
1739158570043, BNBUSDT, 607.93, 5.99, 22:36:10, False
1739158570055, BNBUSDT, 607.9, 0.91, 22:36:10, True
1739158570055, BNBUSDT, 607.88, 1.88, 22:36:10, True
1739158570063, BNBUSDT, 607.91, 14.6, 22:36:10, False
1739158570084, BNBUSDT, 607.92, 0.92, 22:36:10, False
1739158570084, BNBUSDT, 607.93, 4.21, 22:36:10, False
1739158570084, BNBUSDT, 607.94, 0.95, 22:36:10, False
1739158570084, BNBUSDT, 607.95, 1.32, 22:36:10, False
1739158570261, BNBUSDT, 607.91, 0.08, 22:36:10, False
1739158570357, BNBUSDT, 607.9, 0.03, 22:36:10, True
1739158570432, BNBUSDT, 607.87, 0.02, 22:36:10, True
1739158570499, BNBUSDT, 607.82, 0.02, 22:36:10, True
1739158570692, BNBUSDT, 607.79, 0.02, 22:36:10, True
1739158570722, BNBUSDT, 607.76, 0.02, 22:36:10, True
1739158570732, BNBUSDT, 607.75, 0.02, 22:36:10, True
1739158570738, BNBUSDT, 607.76, 3.27, 22:36:10, False
1739158570965, BNBUSDT, 607.75, 0.01, 22:36:10, False
1739158571149, BNBUSDT, 607.74, 0.86, 22:36:11, True
1739158571198, BNBUSDT, 607.73, 0.02, 22:36:11, True
1739158571204, BNBUSDT, 607.72, 0.02, 22:36:11, True
1739158571204, BNBUSDT, 607.69, 0.02, 22:36:11, True
1739158571204, BNBUSDT, 607.68, 0.21, 22:36:11, True
1739158571354, BNBUSDT, 607.69, 0.01, 22:36:11, False
1739158571382, BNBUSDT, 607.68, 0.01, 22:36:11, True
1739158571457, BNBUSDT, 607.69, 0.01, 22:36:11, False
1739158571459, BNBUSDT, 607.68, 0.02, 22:36:11, True
1739158571819, BNBUSDT, 607.68, 16.53, 22:36:11, True
1739158572062, BNBUSDT, 607.68, 0.06, 22:36:12, True
1739158572126, BNBUSDT, 607.67, 0.02, 22:36:12, True
1739158572339, BNBUSDT, 607.65, 7.77, 22:36:12, False
1739158572339, BNBUSDT, 607.66, 8.78, 22:36:12, False
1739158572339, BNBUSDT, 607.67, 2.89, 22:36:12, False
1739158572423, BNBUSDT, 607.64, 0.46, 22:36:12, True
1739158572448, BNBUSDT, 607.63, 0.01, 22:36:12, True
1739158572741, BNBUSDT, 607.6, 2.9, 22:36:12, True
1739158572748, BNBUSDT, 607.59, 0.02, 22:36:12, True
1739158572748, BNBUSDT, 607.57, 0.04, 22:36:12, True
1739158572755, BNBUSDT, 607.56, 0.32, 22:36:12, False
1739158572755, BNBUSDT, 607.57, 0.68, 22:36:12, False
1739158572757, BNBUSDT, 607.55, 0.02, 22:36:12, True
1739158572850, BNBUSDT, 607.53, 0.01, 22:36:12, True
1739158572864, BNBUSDT, 607.54, 8.02, 22:36:12, False
1739158573016, BNBUSDT, 607.6, 1.62, 22:36:13, False
1739158573056, BNBUSDT, 607.61, 2.32, 22:36:13, False
1739158573068, BNBUSDT, 607.62, 0.02, 22:36:13, False
1739158573082, BNBUSDT, 607.64, 0.33, 22:36:13, False
1739158573194, BNBUSDT, 607.64, 0.02, 22:36:13, True
1739158573220, BNBUSDT, 607.65, 0.03, 22:36:13, False
1739158573382, BNBUSDT, 607.65, 2.26, 22:36:13, False
1739158573529, BNBUSDT, 607.68, 0.67, 22:36:13, False
1739158573534, BNBUSDT, 607.68, 1.34, 22:36:13, True
1739158573541, BNBUSDT, 607.69, 0.01, 22:36:13, False
1739158573541, BNBUSDT, 607.7, 0.55, 22:36:13, False
1739158573604, BNBUSDT, 607.71, 0.02, 22:36:13, False
1739158573792, BNBUSDT, 607.72, 2.29, 22:36:13, False
1739158573796, BNBUSDT, 607.73, 0.02, 22:36:13, False
1739158573803, BNBUSDT, 607.74, 0.03, 22:36:13, True
1739158573953, BNBUSDT, 607.75, 1.65, 22:36:13, False
1739158574018, BNBUSDT, 607.76, 0.14, 22:36:14, False
1739158574088, BNBUSDT, 607.75, 9.31, 22:36:14, True
1739158574088, BNBUSDT, 607.74, 2.76, 22:36:14, True
1739158574127, BNBUSDT, 607.71, 0.27, 22:36:14, True
1739158574144, BNBUSDT, 607.67, 0.02, 22:36:14, True
1739158574175, BNBUSDT, 607.64, 0.05, 22:36:14, True
1739158574384, BNBUSDT, 607.64, 1.84, 22:36:14, True
1739158574384, BNBUSDT, 607.63, 0.03, 22:36:14, True
1739158574386, BNBUSDT, 607.62, 1.47, 22:36:14, True
1739158574391, BNBUSDT, 607.6, 0.02, 22:36:14, True
1739158574391, BNBUSDT, 607.59, 3.82, 22:36:14, True
1739158574418, BNBUSDT, 607.58, 0.03, 22:36:14, True
1739158574423, BNBUSDT, 607.57, 0.06, 22:36:14, True
1739158574445, BNBUSDT, 607.55, 0.05, 22:36:14, True
1739158574445, BNBUSDT, 607.54, 0.11, 22:36:14, True
1739158574895, BNBUSDT, 607.65, 0.53, 22:36:14, True
1739158574920, BNBUSDT, 607.58, 0.02, 22:36:14, True
1739158574920, BNBUSDT, 607.55, 0.22, 22:36:14, True
1739158575043, BNBUSDT, 607.55, 0.65, 22:36:15, True
1739158575308, BNBUSDT, 607.55, 2.62, 22:36:15, True
1739158575355, BNBUSDT, 607.53, 0.04, 22:36:15, True
1739158575404, BNBUSDT, 607.52, 0.02, 22:36:15, True
1739158575409, BNBUSDT, 607.51, 5.71, 22:36:15, True
1739158575409, BNBUSDT, 607.5, 3.81, 22:36:15, True
1739158575418, BNBUSDT, 607.49, 0.03, 22:36:15, True
1739158575418, BNBUSDT, 607.48, 0.03, 22:36:15, True
1739158575680, BNBUSDT, 607.52, 2.0, 22:36:15, False
1739158575794, BNBUSDT, 607.51, 0.02, 22:36:15, True
1739158575927, BNBUSDT, 607.51, 3.39, 22:36:15, True
1739158576110, BNBUSDT, 607.46, 0.04, 22:36:16, True
1739158576212, BNBUSDT, 607.46, 0.05, 22:36:16, True
1739158576214, BNBUSDT, 607.45, 0.09, 22:36:16, True
1739158576214, BNBUSDT, 607.44, 0.03, 22:36:16, True
1739158576214, BNBUSDT, 607.43, 0.08, 22:36:16, True
1739158576564, BNBUSDT, 607.43, 2.69, 22:36:16, True
1739158576564, BNBUSDT, 607.42, 0.06, 22:36:16, True
1739158576567, BNBUSDT, 607.43, 0.01, 22:36:16, True
1739158576567, BNBUSDT, 607.41, 0.02, 22:36:16, True
1739158576612, BNBUSDT, 607.41, 0.17, 22:36:16, False
1739158576631, BNBUSDT, 607.4, 1.14, 22:36:16, True
1739158576631, BNBUSDT, 607.39, 0.06, 22:36:16, True
1739158576631, BNBUSDT, 607.38, 0.94, 22:36:16, True
1739158576631, BNBUSDT, 607.37, 2.72, 22:36:16, True
1739158576706, BNBUSDT, 607.36, 0.01, 22:36:16, True
1739158576728, BNBUSDT, 607.35, 0.06, 22:36:16, True
1739158576940, BNBUSDT, 607.33, 0.18, 22:36:16, True
1739158577046, BNBUSDT, 607.32, 2.49, 22:36:17, True
1739158577048, BNBUSDT, 607.3, 0.03, 22:36:17, True
1739158577058, BNBUSDT, 607.29, 0.02, 22:36:17, True
1739158577058, BNBUSDT, 607.28, 0.03, 22:36:17, True
1739158577087, BNBUSDT, 607.27, 0.04, 22:36:17, True
1739158577255, BNBUSDT, 607.26, 0.29, 22:36:17, True
1739158577263, BNBUSDT, 607.27, 5.39, 22:36:17, False
1739158577300, BNBUSDT, 607.31, 0.36, 22:36:17, False
1739158577529, BNBUSDT, 607.31, 0.94, 22:36:17, False
1739158577535, BNBUSDT, 607.32, 15.46, 22:36:17, True
1739158577535, BNBUSDT, 607.31, 1.36, 22:36:17, True
1739158577706, BNBUSDT, 607.33, 2.0, 22:36:17, False
1739158577706, BNBUSDT, 607.34, 0.01, 22:36:17, False
1739158577753, BNBUSDT, 607.36, 0.35, 22:36:17, False
1739158577760, BNBUSDT, 607.39, 0.03, 22:36:17, False
1739158577784, BNBUSDT, 607.38, 0.15, 22:36:17, True
1739158577824, BNBUSDT, 607.39, 0.36, 22:36:17, False
1739158577824, BNBUSDT, 607.4, 0.01, 22:36:17, False
1739158577910, BNBUSDT, 607.43, 0.43, 22:36:17, True
1739158577945, BNBUSDT, 607.37, 0.36, 22:36:17, True
1739158577956, BNBUSDT, 607.36, 0.42, 22:36:17, True
1739158577993, BNBUSDT, 607.35, 0.32, 22:36:17, True
1739158578070, BNBUSDT, 607.33, 0.03, 22:36:18, True
1739158578070, BNBUSDT, 607.32, 0.03, 22:36:18, True
1739158578070, BNBUSDT, 607.31, 0.02, 22:36:18, True
1739158578070, BNBUSDT, 607.3, 0.54, 22:36:18, True
1739158578178, BNBUSDT, 607.29, 0.3, 22:36:18, True
1739158578205, BNBUSDT, 607.28, 0.27, 22:36:18, True
1739158578288, BNBUSDT, 607.26, 3.28, 22:36:18, True
1739158578288, BNBUSDT, 607.25, 0.07, 22:36:18, True
1739158578295, BNBUSDT, 607.24, 0.03, 22:36:18, True
1739158578305, BNBUSDT, 607.23, 1.06, 22:36:18, True
1739158578329, BNBUSDT, 607.21, 0.07, 22:36:18, True
1739158578329, BNBUSDT, 607.2, 3.63, 22:36:18, True
1739158578392, BNBUSDT, 607.19, 0.7, 22:36:18, True
1739158578410, BNBUSDT, 607.2, 2.34, 22:36:18, False
1739158578469, BNBUSDT, 607.19, 0.12, 22:36:18, True
1739158578579, BNBUSDT, 607.19, 2.36, 22:36:18, True
1739158578579, BNBUSDT, 607.18, 2.87, 22:36:18, True
1739158578610, BNBUSDT, 607.17, 0.07, 22:36:18, True
1739158578681, BNBUSDT, 607.15, 2.54, 22:36:18, True
1739158578696, BNBUSDT, 607.15, 4.39, 22:36:18, False
1739158578715, BNBUSDT, 607.15, 0.18, 22:36:18, True
1739158578728, BNBUSDT, 607.16, 5.19, 22:36:18, False
1739158578783, BNBUSDT, 607.17, 1.0, 22:36:18, False
1739158578790, BNBUSDT, 607.16, 0.18, 22:36:18, True
1739158578897, BNBUSDT, 607.16, 0.19, 22:36:18, True
1739158578897, BNBUSDT, 607.15, 66.93, 22:36:18, True
1739158578956, BNBUSDT,658942364,607.15,66.93,1739158578897,True
1739158578952, BNBUSDT, 607.14, 0.05, 22:36:18, True
1739158578980, BNBUSDT, 607.13, 0.01, 22:36:18, True
1739158578980, BNBUSDT, 607.12, 0.03, 22:36:18, True
1739158578980, BNBUSDT, 607.11, 0.01, 22:36:18, True
1739158579009, BNBUSDT, 607.12, 0.02, 22:36:19, False
1739158579343, BNBUSDT, 607.11, 0.12, 22:36:19, True
1739158579347, BNBUSDT, 607.1, 0.05, 22:36:19, True
1739158579381, BNBUSDT, 607.1, 1.44, 22:36:19, False
1739158579511, BNBUSDT, 607.08, 0.51, 22:36:19, True
1739158579614, BNBUSDT, 607.08, 0.5, 22:36:19, True
1739158579864, BNBUSDT, 607.08, 1.44, 22:36:19, False
1739158579886, BNBUSDT, 607.07, 0.09, 22:36:19, True
1739158580042, BNBUSDT, 607.07, 0.37, 22:36:20, True
1739158580042, BNBUSDT, 607.06, 2.49, 22:36:20, True
1739158580050, BNBUSDT, 607.05, 0.08, 22:36:20, True
1739158580050, BNBUSDT, 607.04, 0.02, 22:36:20, True
1739158580050, BNBUSDT, 607.03, 2.98, 22:36:20, True
1739158580057, BNBUSDT, 607.02, 1.8, 22:36:20, True
1739158580105, BNBUSDT, 607.01, 0.18, 22:36:20, True
1739158580286, BNBUSDT, 607.0, 42.22, 22:36:20, True
1739158580441, BNBUSDT,658942384,607.0,42.22,1739158580286,True
1739158580693, BNBUSDT, 606.99, 2.11, 22:36:20, True
1739158580694, BNBUSDT, 606.98, 0.04, 22:36:20, True
1739158580695, BNBUSDT, 606.97, 0.04, 22:36:20, True
1739158580698, BNBUSDT, 606.96, 0.05, 22:36:20, True
1739158580722, BNBUSDT, 606.94, 2.53, 22:36:20, True
1739158580751, BNBUSDT, 606.93, 2.98, 22:36:20, True
1739158580964, BNBUSDT, 606.92, 0.29, 22:36:20, True
1739158580982, BNBUSDT, 606.91, 0.01, 22:36:20, True
1739158580982, BNBUSDT, 606.9, 0.06, 22:36:20, True
1739158581221, BNBUSDT, 606.9, 3.56, 22:36:21, False
1739158581308, BNBUSDT, 606.89, 0.05, 22:36:21, True
1739158581394, BNBUSDT, 606.9, 19.1, 22:36:21, False
1739158581407, BNBUSDT, 606.92, 0.23, 22:36:21, False
1739158581407, BNBUSDT, 606.93, 0.01, 22:36:21, False
1739158581549, BNBUSDT, 606.94, 0.74, 22:36:21, False
1739158581570, BNBUSDT, 606.97, 0.02, 22:36:21, False
1739158581570, BNBUSDT, 606.98, 0.02, 22:36:21, False
1739158581596, BNBUSDT, 607.0, 0.01, 22:36:21, False
1739158581669, BNBUSDT, 607.01, 0.02, 22:36:21, False
1739158581712, BNBUSDT, 607.04, 0.06, 22:36:21, False
1739158581777, BNBUSDT, 607.05, 0.02, 22:36:21, False
1739158581787, BNBUSDT, 607.06, 0.02, 22:36:21, False
1739158581787, BNBUSDT, 607.09, 0.01, 22:36:21, False
1739158582044, BNBUSDT, 607.08, 0.23, 22:36:22, True
1739158582044, BNBUSDT, 607.04, 0.34, 22:36:22, True
1739158582174, BNBUSDT, 607.01, 1.29, 22:36:22, True
1739158582269, BNBUSDT, 607.0, 0.02, 22:36:22, False
1739158582539, BNBUSDT, 606.99, 0.17, 22:36:22, True
1739158582539, BNBUSDT, 606.98, 0.06, 22:36:22, True
1739158582539, BNBUSDT, 606.97, 0.03, 22:36:22, True
1739158582552, BNBUSDT, 606.96, 0.01, 22:36:22, True
1739158582580, BNBUSDT, 606.95, 0.02, 22:36:22, True
1739158582885, BNBUSDT, 606.89, 0.01, 22:36:22, True
1739158582994, BNBUSDT, 606.89, 23.63, 22:36:22, True
1739158583010, BNBUSDT, 606.87, 0.03, 22:36:23, True
1739158583035, BNBUSDT, 606.86, 0.1, 22:36:23, True
1739158583166, BNBUSDT, 606.85, 0.07, 22:36:23, True
1739158583184, BNBUSDT, 606.84, 0.03, 22:36:23, True
1739158583346, BNBUSDT, 606.84, 0.62, 22:36:23, False
1739158583369, BNBUSDT, 606.86, 0.37, 22:36:23, False
1739158583369, BNBUSDT, 606.87, 0.52, 22:36:23, False
1739158583419, BNBUSDT, 606.9, 0.35, 22:36:23, False
1739158583486, BNBUSDT, 606.92, 0.02, 22:36:23, False
1739158583634, BNBUSDT, 606.95, 0.02, 22:36:23, False
1739158583751, BNBUSDT, 606.94, 1.18, 22:36:23, True
1739158583874, BNBUSDT, 606.95, 0.06, 22:36:23, False
1739158583877, BNBUSDT, 606.96, 0.2, 22:36:23, True
1739158583878, BNBUSDT, 606.97, 0.01, 22:36:23, False
1739158583948, BNBUSDT, 606.98, 4.15, 22:36:23, False
1739158584046, BNBUSDT, 607.0, 1.88, 22:36:24, False
1739158584046, BNBUSDT, 607.01, 0.02, 22:36:24, False
1739158584046, BNBUSDT, 607.02, 1.58, 22:36:24, False
1739158584046, BNBUSDT, 607.03, 0.69, 22:36:24, False
1739158584046, BNBUSDT, 607.04, 0.95, 22:36:24, False
1739158584046, BNBUSDT, 607.05, 2.64, 22:36:24, False
1739158584046, BNBUSDT, 607.06, 3.03, 22:36:24, False
1739158584046, BNBUSDT, 607.07, 0.02, 22:36:24, False
1739158584046, BNBUSDT, 607.08, 9.37, 22:36:24, False
1739158584046, BNBUSDT, 607.09, 1.55, 22:36:24, False
1739158584046, BNBUSDT, 607.1, 5.1, 22:36:24, False
1739158584046, BNBUSDT, 607.11, 3.26, 22:36:24, False
1739158584046, BNBUSDT, 607.12, 1.66, 22:36:24, False
1739158584046, BNBUSDT, 607.13, 10.21, 22:36:24, False
1739158584046, BNBUSDT, 607.14, 8.8, 22:36:24, False
1739158584046, BNBUSDT, 607.15, 3.91, 22:36:24, False
1739158584046, BNBUSDT, 607.16, 2.32, 22:36:24, False
1739158584060, BNBUSDT, 607.09, 0.03, 22:36:24, False
1739158584231, BNBUSDT, 607.09, 0.01, 22:36:24, True
1739158584506, BNBUSDT, 607.09, 4.75, 22:36:24, True
1739158584605, BNBUSDT, 607.08, 0.16, 22:36:24, True
1739158584625, BNBUSDT, 607.09, 0.03, 22:36:24, False
1739158584685, BNBUSDT, 607.08, 4.65, 22:36:24, True
1739158584688, BNBUSDT, 607.06, 1.11, 22:36:24, True
1739158584879, BNBUSDT, 607.01, 0.02, 22:36:24, True
1739158584886, BNBUSDT, 606.98, 0.02, 22:36:24, True
1739158584906, BNBUSDT, 606.97, 0.01, 22:36:24, True
1739158584907, BNBUSDT, 606.95, 0.02, 22:36:24, True
1739158584930, BNBUSDT, 606.93, 0.02, 22:36:24, True
1739158585035, BNBUSDT, 606.86, 0.07, 22:36:25, True
1739158585036, BNBUSDT, 606.85, 0.79, 22:36:25, True
1739158585551, BNBUSDT, 606.9, 2.0, 22:36:25, False
1739158585701, BNBUSDT, 606.9, 0.07, 22:36:25, False
1739158585738, BNBUSDT, 606.95, 0.02, 22:36:25, False
1739158585764, BNBUSDT, 606.97, 0.04, 22:36:25, False
1739158585764, BNBUSDT, 606.98, 0.03, 22:36:25, False
1739158585764, BNBUSDT, 606.99, 0.02, 22:36:25, False
1739158585764, BNBUSDT, 607.0, 0.75, 22:36:25, False
1739158586025, BNBUSDT, 606.95, 0.03, 22:36:26, True
1739158586102, BNBUSDT, 606.92, 1.69, 22:36:26, True
1739158586102, BNBUSDT, 606.89, 0.04, 22:36:26, True
1739158586102, BNBUSDT, 606.87, 1.1, 22:36:26, True
1739158586102, BNBUSDT, 606.86, 0.94, 22:36:26, True
1739158586102, BNBUSDT, 606.85, 2.25, 22:36:26, True
1739158586153, BNBUSDT, 606.86, 0.37, 22:36:26, False
1739158586187, BNBUSDT, 606.93, 0.01, 22:36:26, False
1739158586442, BNBUSDT, 606.93, 0.34, 22:36:26, False
1739158586442, BNBUSDT, 606.96, 6.02, 22:36:26, False
1739158586620, BNBUSDT, 606.99, 0.02, 22:36:26, False
1739158586690, BNBUSDT, 606.98, 1.0, 22:36:26, True
1739158586805, BNBUSDT, 606.98, 0.5, 22:36:26, True
1739158586935, BNBUSDT, 606.98, 0.14, 22:36:26, True
1739158587343, BNBUSDT, 606.9, 0.27, 22:36:27, True
1739158587353, BNBUSDT, 606.87, 0.02, 22:36:27, True
1739158587354, BNBUSDT, 606.87, 0.37, 22:36:27, False
1739158587365, BNBUSDT, 606.86, 0.02, 22:36:27, True
1739158587373, BNBUSDT, 606.85, 0.02, 22:36:27, True
1739158587437, BNBUSDT, 606.84, 0.01, 22:36:27, True
1739158587440, BNBUSDT, 606.83, 0.26, 22:36:27, True
1739158587695, BNBUSDT, 606.86, 0.13, 22:36:27, False
1739158587726, BNBUSDT, 606.91, 0.07, 22:36:27, False
1739158587774, BNBUSDT, 606.94, 0.92, 22:36:27, False
1739158587774, BNBUSDT, 606.95, 0.03, 22:36:27, False
1739158587774, BNBUSDT, 606.96, 0.54, 22:36:27, False
1739158588121, BNBUSDT, 606.9, 0.02, 22:36:28, True
1739158588229, BNBUSDT, 606.9, 0.76, 22:36:28, True
1739158588856, BNBUSDT, 606.9, 0.01, 22:36:28, True
1739158589026, BNBUSDT, 606.9, 0.94, 22:36:29, True
1739158589029, BNBUSDT, 606.86, 0.53, 22:36:29, True
1739158589125, BNBUSDT, 606.83, 0.02, 22:36:29, True
1739158589130, BNBUSDT, 606.82, 0.03, 22:36:29, True
1739158589274, BNBUSDT, 606.82, 0.01, 22:36:29, True
1739158589372, BNBUSDT, 606.83, 0.87, 22:36:29, False
1739158589586, BNBUSDT, 606.83, 0.02, 22:36:29, False
1739158589686, BNBUSDT, 606.82, 6.76, 22:36:29, True
1739158589783, BNBUSDT, 606.8, 3.81, 22:36:29, True
1739158589804, BNBUSDT, 606.8, 15.8, 22:36:29, False
1739158590371, BNBUSDT, 606.81, 3.19, 22:36:30, True
1739158590779, BNBUSDT, 606.82, 2.57, 22:36:30, False
1739158590949, BNBUSDT, 606.86, 0.09, 22:36:30, False
1739158591178, BNBUSDT, 606.85, 0.03, 22:36:31, True
1739158591190, BNBUSDT, 606.86, 0.25, 22:36:31, False
1739158591190, BNBUSDT, 606.89, 0.01, 22:36:31, False
1739158591224, BNBUSDT, 606.91, 0.02, 22:36:31, False
1739158591378, BNBUSDT, 606.91, 0.69, 22:36:31, False
1739158592190, BNBUSDT, 606.92, 0.03, 22:36:32, False
1739158592366, BNBUSDT,658942520,606.91,39.56,1739158592244,True
1739158592244, BNBUSDT, 606.91, 39.56, 22:36:32, True
1739158592362, BNBUSDT, 606.83, 0.02, 22:36:32, True
1739158592374, BNBUSDT, 606.82, 0.01, 22:36:32, True
1739158592374, BNBUSDT, 606.8, 0.02, 22:36:32, True
1739158592513, BNBUSDT, 606.79, 0.02, 22:36:32, True
1739158592812, BNBUSDT, 606.8, 0.07, 22:36:32, False
1739158593048, BNBUSDT, 606.79, 2.72, 22:36:33, True
1739158593066, BNBUSDT, 606.77, 0.02, 22:36:33, True
1739158593241, BNBUSDT, 606.77, 0.01, 22:36:33, True
1739158594149, BNBUSDT, 606.77, 3.41, 22:36:34, True
1739158594149, BNBUSDT, 606.76, 0.04, 22:36:34, True
1739158594153, BNBUSDT, 606.75, 0.18, 22:36:34, True
1739158594155, BNBUSDT, 606.74, 0.12, 22:36:34, True
1739158594158, BNBUSDT, 606.73, 0.09, 22:36:34, True
1739158594196, BNBUSDT, 606.74, 0.66, 22:36:34, False
1739158594510, BNBUSDT, 606.73, 0.11, 22:36:34, True
1739158594510, BNBUSDT, 606.72, 2.49, 22:36:34, True
1739158594510, BNBUSDT, 606.71, 0.1, 22:36:34, True
1739158594520, BNBUSDT, 606.7, 0.95, 22:36:34, True
1739158594522, BNBUSDT, 606.7, 0.85, 22:36:34, False
1739158594522, BNBUSDT, 606.71, 0.63, 22:36:34, False
1739158594529, BNBUSDT, 606.69, 0.08, 22:36:34, True
1739158594665, BNBUSDT, 606.68, 0.21, 22:36:34, True
1739158594683, BNBUSDT, 606.66, 0.03, 22:36:34, True
1739158594836, BNBUSDT, 606.67, 5.48, 22:36:34, False
1739158594970, BNBUSDT, 606.67, 1.49, 22:36:34, False
1739158595067, BNBUSDT, 606.68, 0.01, 22:36:35, False
1739158595108, BNBUSDT, 606.71, 0.35, 22:36:35, False
1739158595146, BNBUSDT, 606.74, 0.82, 22:36:35, False
1739158595146, BNBUSDT, 606.75, 0.02, 22:36:35, False
1739158595161, BNBUSDT, 606.78, 0.03, 22:36:35, False
1739158595284, BNBUSDT, 606.79, 0.02, 22:36:35, False
1739158595392, BNBUSDT, 606.79, 0.38, 22:36:35, True
1739158595416, BNBUSDT, 606.8, 0.02, 22:36:35, False
1739158595426, BNBUSDT, 606.79, 2.69, 22:36:35, True
1739158595426, BNBUSDT, 606.78, 4.56, 22:36:35, True
1739158595426, BNBUSDT, 606.77, 1.98, 22:36:35, True
1739158595426, BNBUSDT, 606.76, 2.0, 22:36:35, True
1739158595611, BNBUSDT, 606.77, 0.41, 22:36:35, True
1739158595638, BNBUSDT, 606.78, 0.02, 22:36:35, False
1739158595776, BNBUSDT, 606.77, 0.04, 22:36:35, True
1739158595848, BNBUSDT, 606.78, 0.03, 22:36:35, False
1739158595969, BNBUSDT, 606.77, 0.3, 22:36:35, True
1739158596294, BNBUSDT, 606.78, 0.64, 22:36:36, False
1739158596294, BNBUSDT, 606.79, 1.04, 22:36:36, False
1739158596294, BNBUSDT, 606.8, 16.14, 22:36:36, False
1739158596294, BNBUSDT, 606.82, 0.89, 22:36:36, False
1739158596294, BNBUSDT, 606.83, 0.02, 22:36:36, False
1739158596294, BNBUSDT, 606.84, 1.55, 22:36:36, False
1739158596294, BNBUSDT, 606.85, 1.37, 22:36:36, False
1739158596294, BNBUSDT, 606.86, 0.92, 22:36:36, False
1739158596294, BNBUSDT, 606.88, 0.87, 22:36:36, False
1739158596294, BNBUSDT, 606.89, 0.03, 22:36:36, False
1739158596294, BNBUSDT, 606.9, 0.66, 22:36:36, False
1739158596294, BNBUSDT, 606.91, 2.71, 22:36:36, False
1739158596294, BNBUSDT, 606.92, 2.76, 22:36:36, False
1739158596294, BNBUSDT, 606.93, 1.67, 22:36:36, False
1739158596294, BNBUSDT, 606.94, 7.76, 22:36:36, False
1739158596294, BNBUSDT, 606.95, 5.01, 22:36:36, False
1739158596294, BNBUSDT, 606.96, 7.56, 22:36:36, False
1739158596294, BNBUSDT, 606.97, 9.9, 22:36:36, False
1739158596294, BNBUSDT, 606.98, 7.21, 22:36:36, False
1739158596294, BNBUSDT, 606.99, 13.69, 22:36:36, False
1739158596304, BNBUSDT, 606.94, 0.86, 22:36:36, False
1739158596397, BNBUSDT, 606.93, 3.08, 22:36:36, True
1739158596397, BNBUSDT, 606.92, 0.27, 22:36:36, True
1739158596622, BNBUSDT, 606.86, 5.03, 22:36:36, True
1739158596939, BNBUSDT, 606.86, 0.95, 22:36:36, True
1739158596947, BNBUSDT, 606.87, 0.01, 22:36:36, False
1739158597018, BNBUSDT, 606.91, 0.02, 22:36:37, False
1739158597029, BNBUSDT, 606.95, 0.02, 22:36:37, False
1739158597029, BNBUSDT, 606.96, 0.01, 22:36:37, False
1739158597055, BNBUSDT, 606.95, 20.55, 22:36:37, True
1739158597055, BNBUSDT, 606.94, 3.63, 22:36:37, True
1739158597055, BNBUSDT, 606.92, 1.92, 22:36:37, True
1739158597239, BNBUSDT, 606.91, 1.56, 22:36:37, True
1739158597239, BNBUSDT, 606.9, 0.07, 22:36:37, True
1739158597444, BNBUSDT, 606.9, 0.02, 22:36:37, True
1739158597700, BNBUSDT, 606.91, 1.53, 22:36:37, False
1739158597700, BNBUSDT, 606.92, 0.01, 22:36:37, False
1739158597847, BNBUSDT, 606.98, 0.08, 22:36:37, False
1739158597861, BNBUSDT, 606.99, 0.77, 22:36:37, False
1739158597861, BNBUSDT, 607.0, 0.01, 22:36:37, False
1739158597861, BNBUSDT, 607.01, 0.83, 22:36:37, False
1739158597884, BNBUSDT, 607.02, 0.02, 22:36:37, False
1739158598085, BNBUSDT, 606.98, 0.87, 22:36:38, True
1739158598085, BNBUSDT, 606.97, 1.09, 22:36:38, True
1739158598085, BNBUSDT, 606.96, 0.51, 22:36:38, True
1739158598444, BNBUSDT, 606.96, 2.78, 22:36:38, False
1739158598495, BNBUSDT, 607.0, 0.03, 22:36:38, False
1739158598522, BNBUSDT, 607.03, 0.02, 22:36:38, False
1739158598561, BNBUSDT, 607.05, 0.02, 22:36:38, False
1739158598614, BNBUSDT, 607.04, 1.17, 22:36:38, True
1739158598633, BNBUSDT, 607.05, 0.77, 22:36:38, False
1739158598633, BNBUSDT, 607.06, 0.01, 22:36:38, False
1739158598633, BNBUSDT, 607.07, 0.85, 22:36:38, False
1739158598904, BNBUSDT, 607.08, 0.42, 22:36:38, False
1739158598904, BNBUSDT, 607.1, 0.06, 22:36:38, False
1739158598904, BNBUSDT, 607.12, 0.01, 22:36:38, False
1739158599094, BNBUSDT, 607.12, 3.73, 22:36:39, True
1739158599192, BNBUSDT, 607.08, 0.03, 22:36:39, False
1739158599334, BNBUSDT, 607.07, 0.16, 22:36:39, True
1739158599492, BNBUSDT, 607.07, 0.31, 22:36:39, True
1739158599547, BNBUSDT, 607.08, 2.93, 22:36:39, False
1739158600024, BNBUSDT, 607.12, 10.25, 22:36:40, True
1739158600125, BNBUSDT, 607.05, 0.02, 22:36:40, True
1739158600336, BNBUSDT, 607.02, 0.02, 22:36:40, True
1739158600345, BNBUSDT, 607.01, 0.01, 22:36:40, True
1739158600345, BNBUSDT, 607.0, 0.01, 22:36:40, True
1739158600590, BNBUSDT, 607.04, 0.87, 22:36:40, True
1739158600720, BNBUSDT, 607.05, 0.02, 22:36:40, False
1739158600879, BNBUSDT, 607.05, 1.27, 22:36:40, False
1739158600898, BNBUSDT, 607.11, 0.07, 22:36:40, True
1739158600898, BNBUSDT, 607.1, 3.28, 22:36:40, True
1739158600973, BNBUSDT, 607.09, 1.23, 22:36:40, True
1739158600973, BNBUSDT, 607.08, 2.48, 22:36:40, True
1739158600973, BNBUSDT, 607.07, 1.07, 22:36:40, True
1739158600981, BNBUSDT, 607.08, 0.53, 22:36:40, True
1739158601028, BNBUSDT, 607.04, 1.6, 22:36:41, True
1739158601028, BNBUSDT, 607.03, 0.66, 22:36:41, True
1739158601028, BNBUSDT, 607.02, 8.52, 22:36:41, True
1739158601028, BNBUSDT, 607.01, 0.01, 22:36:41, True
1739158601028, BNBUSDT, 607.0, 9.66, 22:36:41, True
1739158601028, BNBUSDT, 606.99, 1.36, 22:36:41, True
1739158601028, BNBUSDT, 606.98, 0.41, 22:36:41, True
1739158601028, BNBUSDT, 606.97, 0.7, 22:36:41, True
1739158601028, BNBUSDT, 606.96, 2.47, 22:36:41, True
1739158601028, BNBUSDT, 606.95, 1.01, 22:36:41, True
1739158601028, BNBUSDT, 606.94, 1.75, 22:36:41, True
1739158601028, BNBUSDT, 606.93, 3.43, 22:36:41, True
1739158601028, BNBUSDT, 606.92, 5.74, 22:36:41, True
1739158601028, BNBUSDT, 606.91, 11.1, 22:36:41, True
1739158601028, BNBUSDT, 606.9, 11.4, 22:36:41, True
1739158601029, BNBUSDT, 606.88, 6.21, 22:36:41, True
1739158601029, BNBUSDT, 606.87, 15.66, 22:36:41, True
1739158601029, BNBUSDT, 606.86, 8.91, 22:36:41, True
1739158601029, BNBUSDT, 606.85, 12.13, 22:36:41, True
1739158601029, BNBUSDT, 606.84, 9.59, 22:36:41, True
1739158601030, BNBUSDT, 606.83, 0.47, 22:36:41, True
1739158601030, BNBUSDT, 606.82, 0.36, 22:36:41, True
1739158601031, BNBUSDT, 606.81, 1.66, 22:36:41, True
1739158601031, BNBUSDT, 606.84, 0.82, 22:36:41, True
1739158601031, BNBUSDT, 606.8, 1.71, 22:36:41, True
1739158601033, BNBUSDT, 606.79, 1.02, 22:36:41, True
1739158601069, BNBUSDT, 606.79, 0.27, 22:36:41, False
1739158601071, BNBUSDT, 606.78, 3.35, 22:36:41, True
1739158601071, BNBUSDT, 606.77, 2.11, 22:36:41, True
1739158601071, BNBUSDT, 606.76, 0.54, 22:36:41, True
1739158601163, BNBUSDT, 606.78, 0.11, 22:36:41, True
1739158601178, BNBUSDT, 606.79, 0.38, 22:36:41, False
1739158601197, BNBUSDT, 606.81, 0.03, 22:36:41, True
1739158601377, BNBUSDT, 606.85, 0.85, 22:36:41, True
1739158601377, BNBUSDT, 606.84, 0.87, 22:36:41, True
1739158601377, BNBUSDT, 606.82, 0.87, 22:36:41, True
1739158601377, BNBUSDT, 606.8, 0.91, 22:36:41, True
1739158601405, BNBUSDT, 606.85, 1.5, 22:36:41, True
1739158601615, BNBUSDT, 606.79, 1.8, 22:36:41, False
1739158601640, BNBUSDT, 606.81, 0.07, 22:36:41, False
1739158601667, BNBUSDT, 606.87, 1.11, 22:36:41, True
1739158601982, BNBUSDT, 606.79, 0.01, 22:36:41, False
1739158602007, BNBUSDT, 606.75, 0.02, 22:36:42, True
1739158602007, BNBUSDT, 606.74, 71.83, 22:36:42, True
1739158602030, BNBUSDT,658942681,606.74,71.83,1739158602007,True
1739158602025, BNBUSDT, 606.71, 0.03, 22:36:42, True
1739158602273, BNBUSDT, 606.72, 10.82, 22:36:42, False
1739158602343, BNBUSDT, 606.78, 1.07, 22:36:42, False
1739158602397, BNBUSDT, 606.79, 0.03, 22:36:42, False
1739158602548, BNBUSDT, 606.83, 0.46, 22:36:42, True
1739158602556, BNBUSDT, 606.84, 0.01, 22:36:42, False
1739158602622, BNBUSDT, 606.83, 0.06, 22:36:42, True
1739158602686, BNBUSDT, 606.79, 0.14, 22:36:42, False
1739158602816, BNBUSDT, 606.73, 0.02, 22:36:42, True
1739158603038, BNBUSDT, 606.71, 0.46, 22:36:43, True
1739158603043, BNBUSDT, 606.7, 0.01, 22:36:43, True
1739158603043, BNBUSDT, 606.68, 0.05, 22:36:43, True
1739158603059, BNBUSDT, 606.66, 0.03, 22:36:43, True
1739158603220, BNBUSDT, 606.66, 0.09, 22:36:43, True
1739158603331, BNBUSDT, 606.66, 0.14, 22:36:43, True
1739158603631, BNBUSDT, 606.67, 4.9, 22:36:43, False
1739158603697, BNBUSDT, 606.74, 1.22, 22:36:43, False
1739158603697, BNBUSDT, 606.75, 0.02, 22:36:43, False
1739158603711, BNBUSDT, 606.77, 0.53, 22:36:43, False
1739158603711, BNBUSDT, 606.78, 0.66, 22:36:43, False
1739158603711, BNBUSDT, 606.79, 0.02, 22:36:43, False
1739158603729, BNBUSDT, 606.81, 0.02, 22:36:43, False
1739158603743, BNBUSDT, 606.82, 1.02, 22:36:43, False
1739158603743, BNBUSDT, 606.83, 1.78, 22:36:43, False
1739158603760, BNBUSDT, 606.84, 0.02, 22:36:43, False
1739158603788, BNBUSDT, 606.81, 2.47, 22:36:43, True
1739158603788, BNBUSDT, 606.8, 2.06, 22:36:43, True
1739158603788, BNBUSDT, 606.78, 1.89, 22:36:43, True
1739158603788, BNBUSDT, 606.77, 3.9, 22:36:43, True
1739158603895, BNBUSDT, 606.84, 0.03, 22:36:43, False
1739158604058, BNBUSDT, 606.83, 5.41, 22:36:44, True
1739158604076, BNBUSDT, 606.84, 0.03, 22:36:44, False
1739158604112, BNBUSDT, 606.79, 4.31, 22:36:44, False
1739158604112, BNBUSDT, 606.81, 5.94, 22:36:44, False
1739158604112, BNBUSDT, 606.82, 1.55, 22:36:44, False
1739158604112, BNBUSDT, 606.83, 6.76, 22:36:44, False
1739158604112, BNBUSDT, 606.84, 15.77, 22:36:44, False
1739158604112, BNBUSDT, 606.85, 1.51, 22:36:44, False
1739158604112, BNBUSDT, 606.86, 0.83, 22:36:44, False
1739158604112, BNBUSDT, 606.87, 1.66, 22:36:44, False
1739158604112, BNBUSDT, 606.88, 0.85, 22:36:44, False
1739158604112, BNBUSDT, 606.9, 0.73, 22:36:44, False
1739158604112, BNBUSDT, 606.91, 0.66, 22:36:44, False
1739158604112, BNBUSDT, 606.92, 0.03, 22:36:44, False
1739158604112, BNBUSDT, 606.93, 4.04, 22:36:44, False
1739158604112, BNBUSDT, 606.95, 10.03, 22:36:44, False
1739158604112, BNBUSDT, 606.96, 0.68, 22:36:44, False
1739158604112, BNBUSDT, 606.97, 1.32, 22:36:44, False
1739158604112, BNBUSDT, 606.98, 0.09, 22:36:44, False
1739158604112, BNBUSDT, 607.0, 4.84, 22:36:44, False
1739158604112, BNBUSDT, 607.01, 1.67, 22:36:44, False
1739158604112, BNBUSDT, 607.02, 5.63, 22:36:44, False
1739158604112, BNBUSDT, 607.03, 3.54, 22:36:44, False
1739158604112, BNBUSDT, 607.04, 5.76, 22:36:44, False
1739158604112, BNBUSDT, 607.05, 23.15, 22:36:44, False
1739158604112, BNBUSDT, 607.06, 0.55, 22:36:44, False
1739158604112, BNBUSDT, 607.07, 0.68, 22:36:44, False
1739158604112, BNBUSDT, 607.08, 4.38, 22:36:44, False
1739158604112, BNBUSDT, 607.09, 6.59, 22:36:44, False
1739158604137, BNBUSDT, 606.79, 4.39, 22:36:44, False
1739158604137, BNBUSDT, 606.8, 1.98, 22:36:44, False
1739158604137, BNBUSDT, 606.81, 2.18, 22:36:44, False
1739158604137, BNBUSDT, 606.82, 7.83, 22:36:44, False
1739158604146, BNBUSDT, 606.88, 0.16, 22:36:44, False
1739158604158, BNBUSDT, 606.9, 0.83, 22:36:44, False
1739158604158, BNBUSDT, 606.92, 0.83, 22:36:44, False
1739158604158, BNBUSDT, 606.94, 0.21, 22:36:44, False
1739158604244, BNBUSDT, 606.93, 3.81, 22:36:44, True
1739158604268, BNBUSDT, 606.9, 1.77, 22:36:44, True
1739158604268, BNBUSDT, 606.89, 1.8, 22:36:44, True
1739158604268, BNBUSDT, 606.88, 0.83, 22:36:44, True
1739158604268, BNBUSDT, 606.87, 5.1, 22:36:44, True
1739158604268, BNBUSDT, 606.86, 1.48, 22:36:44, True
1739158604297, BNBUSDT, 606.88, 0.01, 22:36:44, False
1739158604663, BNBUSDT, 606.87, 1.02, 22:36:44, True
1739158604692, BNBUSDT, 606.88, 33.55, 22:36:44, False
1739158604815, BNBUSDT,658942757,606.88,33.55,1739158604692,False
1739158604811, BNBUSDT, 606.94, 0.04, 22:36:44, True
1739158604864, BNBUSDT, 606.95, 0.28, 22:36:44, False
1739158604887, BNBUSDT, 606.96, 0.67, 22:36:44, False
1739158604887, BNBUSDT, 606.98, 0.03, 22:36:44, False
1739158604906, BNBUSDT, 606.99, 0.02, 22:36:44, False
1739158604923, BNBUSDT, 607.02, 0.03, 22:36:44, False
1739158604962, BNBUSDT, 607.01, 5.12, 22:36:44, True
1739158604962, BNBUSDT, 607.0, 0.37, 22:36:44, True
1739158604962, BNBUSDT, 606.99, 9.51, 22:36:44, True
1739158605018, BNBUSDT, 607.02, 0.01, 22:36:45, False
1739158605026, BNBUSDT, 607.02, 3.89, 22:36:45, True
1739158605026, BNBUSDT, 607.01, 6.14, 22:36:45, True
1739158605107, BNBUSDT, 607.02, 0.02, 22:36:45, True
1739158605286, BNBUSDT, 607.02, 5.15, 22:36:45, True
1739158605330, BNBUSDT, 607.03, 1.63, 22:36:45, False
1739158605341, BNBUSDT, 607.04, 0.05, 22:36:45, False
1739158605346, BNBUSDT, 607.05, 0.36, 22:36:45, False
1739158605347, BNBUSDT, 607.07, 0.02, 22:36:45, False
1739158605347, BNBUSDT, 607.09, 0.67, 22:36:45, False
1739158605347, BNBUSDT, 607.1, 1.31, 22:36:45, False
1739158605347, BNBUSDT, 607.12, 0.01, 22:36:45, False
1739158605347, BNBUSDT, 607.13, 1.13, 22:36:45, False
1739158605465, BNBUSDT, 607.13, 1.1, 22:36:45, False
1739158605525, BNBUSDT, 607.13, 0.98, 22:36:45, True
1739158605558, BNBUSDT, 607.14, 0.02, 22:36:45, False
1739158605643, BNBUSDT, 607.15, 0.43, 22:36:45, False
1739158605643, BNBUSDT, 607.17, 0.01, 22:36:45, False
1739158605643, BNBUSDT, 607.18, 0.83, 22:36:45, False
1739158605643, BNBUSDT, 607.2, 0.11, 22:36:45, False
1739158605750, BNBUSDT, 607.2, 0.62, 22:36:45, False
1739158605773, BNBUSDT, 607.23, 0.35, 22:36:45, False
1739158605824, BNBUSDT, 607.24, 0.37, 22:36:45, False
1739158605827, BNBUSDT, 607.25, 0.04, 22:36:45, False
1739158605830, BNBUSDT, 607.26, 0.02, 22:36:45, False
1739158605830, BNBUSDT, 607.27, 0.04, 22:36:45, False
1739158605830, BNBUSDT, 607.28, 0.05, 22:36:45, False
1739158605830, BNBUSDT, 607.29, 0.06, 22:36:45, False
1739158605830, BNBUSDT, 607.32, 0.04, 22:36:45, False
1739158605830, BNBUSDT, 607.33, 0.17, 22:36:45, False
1739158605830, BNBUSDT, 607.34, 0.04, 22:36:45, False
1739158605830, BNBUSDT, 607.35, 0.05, 22:36:45, False
1739158605830, BNBUSDT, 607.36, 0.01, 22:36:45, False
1739158606134, BNBUSDT, 607.36, 0.01, 22:36:46, True
1739158606147, BNBUSDT, 607.37, 1.27, 22:36:46, False
1739158606341, BNBUSDT, 607.38, 3.0, 22:36:46, True
1739158606656, BNBUSDT, 607.39, 6.12, 22:36:46, False
1739158606756, BNBUSDT, 607.4, 0.43, 22:36:46, False
1739158606807, BNBUSDT, 607.42, 0.36, 22:36:46, False
1739158606841, BNBUSDT, 607.43, 0.37, 22:36:46, False
1739158606854, BNBUSDT, 607.44, 1.07, 22:36:46, False
1739158606874, BNBUSDT, 607.45, 0.07, 22:36:46, False
1739158606881, BNBUSDT, 607.46, 0.05, 22:36:46, False
1739158607127, BNBUSDT, 607.48, 0.01, 22:36:47, True
1739158607164, BNBUSDT, 607.49, 5.81, 22:36:47, False
1739158607185, BNBUSDT, 607.5, 1.65, 22:36:47, False
1739158607185, BNBUSDT, 607.51, 3.18, 22:36:47, False
1739158607185, BNBUSDT, 607.52, 0.1, 22:36:47, False
1739158607185, BNBUSDT, 607.54, 0.02, 22:36:47, False
1739158607214, BNBUSDT, 607.56, 0.83, 22:36:47, False
1739158607227, BNBUSDT, 607.57, 0.04, 22:36:47, False
1739158607227, BNBUSDT, 607.59, 0.01, 22:36:47, False
1739158607239, BNBUSDT, 607.6, 0.02, 22:36:47, False
1739158607239, BNBUSDT, 607.61, 0.02, 22:36:47, False
1739158607239, BNBUSDT, 607.62, 0.05, 22:36:47, False
1739158607258, BNBUSDT, 607.63, 0.09, 22:36:47, False
1739158607258, BNBUSDT, 607.64, 0.03, 22:36:47, False
1739158607258, BNBUSDT, 607.66, 0.01, 22:36:47, False
1739158607258, BNBUSDT, 607.67, 0.12, 22:36:47, False
1739158607274, BNBUSDT, 607.57, 0.35, 22:36:47, False
1739158607576, BNBUSDT, 607.66, 7.19, 22:36:47, True
1739158607591, BNBUSDT, 607.65, 14.73, 22:36:47, True
1739158607591, BNBUSDT, 607.64, 0.02, 22:36:47, True
1739158607591, BNBUSDT, 607.62, 0.01, 22:36:47, True
1739158607598, BNBUSDT, 607.61, 1.32, 22:36:47, True
1739158607598, BNBUSDT, 607.58, 0.79, 22:36:47, True
1739158607971, BNBUSDT, 607.61, 1.81, 22:36:47, False
1739158608056, BNBUSDT, 607.66, 0.05, 22:36:48, True
1739158608059, BNBUSDT, 607.67, 0.06, 22:36:48, False
1739158608103, BNBUSDT, 607.66, 0.07, 22:36:48, True
1739158608269, BNBUSDT, 607.67, 1.58, 22:36:48, False
1739158608272, BNBUSDT, 607.68, 6.12, 22:36:48, False
1739158608324, BNBUSDT, 607.69, 0.64, 22:36:48, False
1739158608397, BNBUSDT, 607.71, 0.02, 22:36:48, False
1739158608397, BNBUSDT, 607.72, 0.08, 22:36:48, False
1739158608456, BNBUSDT, 607.73, 0.02, 22:36:48, False
1739158608522, BNBUSDT, 607.74, 0.02, 22:36:48, False
1739158608755, BNBUSDT, 607.75, 0.86, 22:36:48, False
1739158608759, BNBUSDT, 607.76, 0.36, 22:36:48, False
1739158608761, BNBUSDT, 607.78, 0.39, 22:36:48, False
1739158608917, BNBUSDT, 607.79, 0.38, 22:36:48, False
1739158608917, BNBUSDT, 607.81, 0.07, 22:36:48, False
1739158608917, BNBUSDT, 607.82, 1.21, 22:36:48, False
1739158608917, BNBUSDT, 607.84, 0.85, 22:36:48, False
1739158608917, BNBUSDT, 607.85, 3.32, 22:36:48, False
1739158608917, BNBUSDT, 607.86, 1.33, 22:36:48, False
1739158608917, BNBUSDT, 607.87, 0.66, 22:36:48, False
1739158608917, BNBUSDT, 607.88, 0.1, 22:36:48, False
1739158608917, BNBUSDT, 607.89, 0.53, 22:36:48, False
1739158608917, BNBUSDT, 607.9, 1.69, 22:36:48, False
1739158608917, BNBUSDT, 607.91, 1.89, 22:36:48, False
1739158609755, BNBUSDT, 607.91, 7.9, 22:36:49, False
1739158609757, BNBUSDT, 607.92, 0.01, 22:36:49, False
1739158609760, BNBUSDT, 607.93, 7.02, 22:36:49, False
1739158609771, BNBUSDT, 607.95, 0.01, 22:36:49, False
1739158609771, BNBUSDT, 607.96, 0.07, 22:36:49, False
1739158609771, BNBUSDT, 607.97, 0.05, 22:36:49, False
1739158609771, BNBUSDT, 607.98, 3.02, 22:36:49, False
1739158609776, BNBUSDT, 607.99, 0.02, 22:36:49, False
1739158609776, BNBUSDT, 608.0, 24.15, 22:36:49, False
1739158609791, BNBUSDT, 608.01, 0.66, 22:36:49, False
1739158609791, BNBUSDT, 608.02, 0.06, 22:36:49, False
1739158609791, BNBUSDT, 608.03, 1.7, 22:36:49, False
1739158609791, BNBUSDT, 608.04, 2.7, 22:36:49, False
1739158609791, BNBUSDT, 608.05, 2.5, 22:36:49, False
1739158609791, BNBUSDT, 608.06, 1.91, 22:36:49, False
1739158609831, BNBUSDT, 608.07, 0.04, 22:36:49, False
1739158609838, BNBUSDT, 608.08, 8.34, 22:36:49, False
1739158609845, BNBUSDT, 608.09, 2.08, 22:36:49, False
1739158609907, BNBUSDT,658942876,608.1,25.19,1739158609845,False
1739158609845, BNBUSDT, 608.1, 25.19, 22:36:49, False
1739158609881, BNBUSDT, 608.01, 3.0, 22:36:49, False
1739158609881, BNBUSDT, 608.1, 2.45, 22:36:49, False
1739158609889, BNBUSDT, 608.11, 2.51, 22:36:49, False
1739158609889, BNBUSDT, 608.12, 3.08, 22:36:49, False
1739158609904, BNBUSDT, 608.05, 4.0, 22:36:49, False
1739158609959, BNBUSDT, 608.12, 2.57, 22:36:49, False
1739158610000, BNBUSDT, 608.13, 2.49, 22:36:50, False
1739158610000, BNBUSDT, 608.14, 0.02, 22:36:50, False
1739158610000, BNBUSDT, 608.15, 3.44, 22:36:50, False
1739158610000, BNBUSDT, 608.16, 1.06, 22:36:50, False
1739158610018, BNBUSDT, 608.17, 0.6, 22:36:50, False
1739158610025, BNBUSDT, 608.18, 0.03, 22:36:50, False
1739158610025, BNBUSDT, 608.19, 2.9, 22:36:50, False
1739158610025, BNBUSDT, 608.2, 1.28, 22:36:50, False
1739158610025, BNBUSDT, 608.21, 7.92, 22:36:50, False
1739158610025, BNBUSDT, 608.22, 0.88, 22:36:50, False
1739158610058, BNBUSDT, 608.23, 5.35, 22:36:50, False
1739158610095, BNBUSDT, 608.24, 3.64, 22:36:50, False
1739158610200, BNBUSDT, 608.25, 5.98, 22:36:50, False
1739158610575, BNBUSDT, 608.24, 0.83, 22:36:50, False
1739158610575, BNBUSDT, 608.25, 1.53, 22:36:50, False
1739158610875, BNBUSDT, 608.25, 9.35, 22:36:50, False
1739158611031, BNBUSDT, 608.25, 3.57, 22:36:51, False
1739158611323, BNBUSDT, 608.24, 7.42, 22:36:51, True
1739158611511, BNBUSDT, 608.25, 9.29, 22:36:51, False
1739158611587, BNBUSDT, 608.24, 0.02, 22:36:51, True
1739158611705, BNBUSDT, 608.25, 0.92, 22:36:51, False
1739158611825, BNBUSDT,658942906,608.24,50.92,1739158611817,True
1739158611784, BNBUSDT, 608.26, 0.12, 22:36:51, False
1739158611817, BNBUSDT, 608.25, 2.18, 22:36:51, True
1739158611817, BNBUSDT, 608.24, 50.92, 22:36:51, True
1739158611820, BNBUSDT, 608.23, 0.07, 22:36:51, True
1739158611865, BNBUSDT, 608.22, 4.35, 22:36:51, True
1739158611876, BNBUSDT, 608.24, 0.01, 22:36:51, False
1739158611884, BNBUSDT, 608.2, 0.02, 22:36:51, True
1739158611884, BNBUSDT, 608.19, 1.25, 22:36:51, True
1739158611889, BNBUSDT, 608.17, 10.06, 22:36:51, True
1739158611889, BNBUSDT, 608.14, 1.81, 22:36:51, True
1739158611889, BNBUSDT, 608.13, 3.12, 22:36:51, True
1739158611889, BNBUSDT, 608.11, 1.89, 22:36:51, True
1739158611889, BNBUSDT, 608.1, 1.51, 22:36:51, True
1739158611889, BNBUSDT, 608.09, 0.49, 22:36:51, True
1739158611889, BNBUSDT, 608.08, 2.13, 22:36:51, True
1739158611889, BNBUSDT, 608.07, 0.49, 22:36:51, True
1739158611889, BNBUSDT, 608.06, 0.83, 22:36:51, True
1739158611889, BNBUSDT, 608.05, 9.89, 22:36:51, True
1739158611889, BNBUSDT, 608.04, 0.83, 22:36:51, True
1739158611889, BNBUSDT, 608.03, 1.29, 22:36:51, True
1739158611889, BNBUSDT, 608.02, 9.9, 22:36:51, True
1739158611889, BNBUSDT, 608.01, 10.12, 22:36:51, True
1739158611889, BNBUSDT, 608.0, 3.66, 22:36:51, True
1739158611889, BNBUSDT, 607.99, 1.05, 22:36:51, True
1739158611889, BNBUSDT, 607.98, 15.0, 22:36:51, True
1739158611996, BNBUSDT, 607.98, 0.22, 22:36:51, True
1739158612038, BNBUSDT, 608.0, 2.91, 22:36:52, False
1739158612207, BNBUSDT, 607.99, 0.51, 22:36:52, False
1739158612207, BNBUSDT, 608.0, 8.89, 22:36:52, False
1739158612310, BNBUSDT, 607.99, 3.33, 22:36:52, False
1739158612376, BNBUSDT, 608.01, 0.1, 22:36:52, False
1739158612400, BNBUSDT, 608.0, 0.04, 22:36:52, True
1739158612420, BNBUSDT, 608.06, 0.05, 22:36:52, True
1739158612420, BNBUSDT, 608.0, 1.35, 22:36:52, True
1739158612477, BNBUSDT, 608.06, 0.02, 22:36:52, True
1739158612644, BNBUSDT, 608.07, 0.14, 22:36:52, True
1739158612677, BNBUSDT, 608.07, 0.95, 22:36:52, False
1739158612734, BNBUSDT, 608.06, 30.82, 22:36:52, True
1739158612869, BNBUSDT,658942941,608.06,30.82,1739158612734,True
1739158612864, BNBUSDT, 608.07, 8.1, 22:36:52, False
1739158612944, BNBUSDT, 608.14, 0.01, 22:36:52, False
1739158612944, BNBUSDT, 608.15, 0.02, 22:36:52, False
1739158612944, BNBUSDT, 608.16, 0.26, 22:36:52, False
1739158612953, BNBUSDT, 608.13, 0.16, 22:36:52, True
1739158613075, BNBUSDT, 608.17, 0.02, 22:36:53, False
1739158613119, BNBUSDT, 608.18, 0.08, 22:36:53, False
1739158613251, BNBUSDT, 608.18, 0.92, 22:36:53, False
1739158613728, BNBUSDT, 608.19, 0.16, 22:36:53, True
1739158613889, BNBUSDT, 608.2, 0.07, 22:36:53, False
1739158614149, BNBUSDT, 608.2, 0.82, 22:36:54, False
1739158614305, BNBUSDT, 608.19, 50.2, 22:36:54, True
1739158614461, BNBUSDT,658942953,608.19,50.2,1739158614305,True
1739158614563, BNBUSDT, 608.13, 0.01, 22:36:54, False
1739158614615, BNBUSDT, 608.12, 3.83, 22:36:54, True
1739158614615, BNBUSDT, 608.1, 1.54, 22:36:54, True
1739158614615, BNBUSDT, 608.08, 0.9, 22:36:54, True
1739158614615, BNBUSDT, 608.06, 0.87, 22:36:54, True
1739158614615, BNBUSDT, 608.05, 0.73, 22:36:54, True
1739158614615, BNBUSDT, 608.04, 3.98, 22:36:54, True
1739158614615, BNBUSDT, 608.02, 7.19, 22:36:54, True
1739158614615, BNBUSDT, 608.01, 9.85, 22:36:54, True
1739158614615, BNBUSDT, 608.0, 0.91, 22:36:54, True
1739158614615, BNBUSDT, 607.99, 0.2, 22:36:54, True
1739158614617, BNBUSDT, 608.12, 0.91, 22:36:54, True
1739158614629, BNBUSDT, 608.04, 0.91, 22:36:54, False
1739158614629, BNBUSDT, 608.06, 0.91, 22:36:54, False
1739158614629, BNBUSDT, 608.07, 0.32, 22:36:54, False
1739158614629, BNBUSDT, 608.08, 0.91, 22:36:54, False
1739158614629, BNBUSDT, 608.1, 11.23, 22:36:54, False
1739158614629, BNBUSDT, 608.11, 0.66, 22:36:54, False
1739158614629, BNBUSDT, 608.12, 5.92, 22:36:54, False
1739158614629, BNBUSDT, 608.13, 10.48, 22:36:54, False
1739158614629, BNBUSDT, 608.14, 0.92, 22:36:54, False
1739158614629, BNBUSDT, 608.16, 1.57, 22:36:54, False
1739158614629, BNBUSDT, 608.17, 0.66, 22:36:54, False
1739158614629, BNBUSDT, 608.18, 3.46, 22:36:54, False
1739158614629, BNBUSDT, 608.19, 5.94, 22:36:54, False
1739158614910, BNBUSDT, 608.14, 5.01, 22:36:54, True
1739158614956, BNBUSDT, 608.12, 0.91, 22:36:54, True
1739158614956, BNBUSDT, 608.1, 1.57, 22:36:54, True
1739158614956, BNBUSDT, 608.08, 0.92, 22:36:54, True
1739158614957, BNBUSDT, 608.07, 0.02, 22:36:54, True
1739158614957, BNBUSDT, 608.05, 2.51, 22:36:54, True
1739158614957, BNBUSDT, 608.04, 4.06, 22:36:54, True
1739158614957, BNBUSDT, 608.03, 9.66, 22:36:54, True
1739158614957, BNBUSDT, 608.02, 0.02, 22:36:54, True
1739158614957, BNBUSDT, 608.01, 2.97, 22:36:54, True
1739158614957, BNBUSDT, 608.0, 6.74, 22:36:54, True
1739158614957, BNBUSDT, 607.99, 10.34, 22:36:54, True
1739158614957, BNBUSDT, 607.98, 15.85, 22:36:54, True
1739158614957, BNBUSDT, 607.96, 4.38, 22:36:54, True
1739158614957, BNBUSDT, 607.95, 6.55, 22:36:54, True
1739158614965, BNBUSDT, 608.04, 0.91, 22:36:54, True
1739158614965, BNBUSDT, 607.98, 0.04, 22:36:54, True
1739158615021, BNBUSDT, 607.99, 0.04, 22:36:55, True
1739158615200, BNBUSDT, 607.99, 0.33, 22:36:55, True
1739158615351, BNBUSDT, 607.99, 14.17, 22:36:55, True
1739158615409, BNBUSDT, 607.98, 0.18, 22:36:55, False
1739158615409, BNBUSDT, 607.99, 0.32, 22:36:55, False
1739158615409, BNBUSDT, 608.0, 8.84, 22:36:55, False
1739158615601, BNBUSDT, 608.04, 0.01, 22:36:55, False
1739158615638, BNBUSDT, 608.03, 4.75, 22:36:55, True
1739158615638, BNBUSDT, 608.0, 0.18, 22:36:55, True
1739158615887, BNBUSDT, 607.99, 0.23, 22:36:55, True
1739158615888, BNBUSDT, 607.96, 0.03, 22:36:55, True
1739158615904, BNBUSDT, 607.94, 1.0, 22:36:55, True
1739158615990, BNBUSDT, 607.91, 0.01, 22:36:55, True
1739158615990, BNBUSDT, 607.9, 0.02, 22:36:55, True
1739158615990, BNBUSDT, 607.89, 1.97, 22:36:55, True
1739158615993, BNBUSDT, 607.88, 0.01, 22:36:55, True
1739158615993, BNBUSDT, 607.87, 0.35, 22:36:55, True
1739158615993, BNBUSDT, 607.86, 0.06, 22:36:55, True
1739158616088, BNBUSDT, 607.83, 0.02, 22:36:56, True
1739158616112, BNBUSDT, 607.83, 5.56, 22:36:56, False
1739158616179, BNBUSDT, 607.82, 0.01, 22:36:56, True
1739158616242, BNBUSDT, 607.83, 0.54, 22:36:56, False
1739158616546, BNBUSDT, 607.83, 0.04, 22:36:56, False
1739158617092, BNBUSDT, 607.83, 10.71, 22:36:57, False
1739158617217, BNBUSDT, 607.82, 3.56, 22:36:57, True
1739158617405, BNBUSDT, 607.83, 0.01, 22:36:57, False
1739158617586, BNBUSDT, 607.82, 1.58, 22:36:57, True
1739158617720, BNBUSDT, 607.82, 0.07, 22:36:57, True
1739158617893, BNBUSDT, 607.82, 2.85, 22:36:57, True
1739158617897, BNBUSDT, 607.8, 0.02, 22:36:57, True
1739158617897, BNBUSDT, 607.79, 11.0, 22:36:57, True
1739158617945, BNBUSDT, 607.76, 16.93, 22:36:57, False
1739158617945, BNBUSDT, 607.77, 6.48, 22:36:57, False
1739158617945, BNBUSDT, 607.78, 3.02, 22:36:57, False
1739158617977, BNBUSDT, 607.8, 0.03, 22:36:57, False
1739158618088, BNBUSDT, 607.8, 0.01, 22:36:58, False
1739158618113, BNBUSDT, 607.82, 0.03, 22:36:58, False
1739158618171, BNBUSDT, 607.83, 2.21, 22:36:58, False
1739158618172, BNBUSDT, 607.84, 1.62, 22:36:58, False
1739158618174, BNBUSDT, 607.86, 2.57, 22:36:58, False
1739158618219, BNBUSDT, 607.88, 0.94, 22:36:58, False
1739158618403, BNBUSDT, 607.9, 0.49, 22:36:58, False
1739158618410, BNBUSDT, 607.93, 0.02, 22:36:58, False
1739158618417, BNBUSDT, 607.95, 0.01, 22:36:58, False
1739158618417, BNBUSDT, 607.96, 0.02, 22:36:58, False
1739158618503, BNBUSDT, 607.96, 0.4, 22:36:58, True
1739158618679, BNBUSDT, 607.96, 12.46, 22:36:58, True
1739158618924, BNBUSDT, 607.89, 1.85, 22:36:58, True
1739158618924, BNBUSDT, 607.87, 0.03, 22:36:58, True
1739158618924, BNBUSDT, 607.86, 0.02, 22:36:58, True
1739158618924, BNBUSDT, 607.85, 0.01, 22:36:58, True
1739158618924, BNBUSDT, 607.83, 8.86, 22:36:58, True
1739158618927, BNBUSDT, 607.83, 15.79, 22:36:58, False
1739158618939, BNBUSDT, 607.82, 0.02, 22:36:58, True
1739158619674, BNBUSDT, 607.82, 0.27, 22:36:59, True
1739158619676, BNBUSDT, 607.8, 0.01, 22:36:59, True
1739158619678, BNBUSDT, 607.79, 0.02, 22:36:59, True
1739158619687, BNBUSDT, 607.77, 0.02, 22:36:59, True
1739158619691, BNBUSDT, 607.75, 1.89, 22:36:59, True
1739158619826, BNBUSDT, 607.75, 0.15, 22:36:59, True
1739158619826, BNBUSDT, 607.74, 0.02, 22:36:59, True
1739158619846, BNBUSDT, 607.73, 0.01, 22:36:59, True
1739158619984, BNBUSDT, 607.73, 0.08, 22:36:59, False
1739158620060, BNBUSDT, 607.72, 0.02, 22:37:00, True
1739158620061, BNBUSDT, 607.69, 0.03, 22:37:00, True
1739158620061, BNBUSDT, 607.68, 0.04, 22:37:00, True
1739158620061, BNBUSDT, 607.66, 0.02, 22:37:00, True
1739158620106, BNBUSDT, 607.63, 0.03, 22:37:00, True
1739158620222, BNBUSDT, 607.62, 0.01, 22:37:00, True
1739158620499, BNBUSDT, 607.59, 0.4, 22:37:00, True
1739158620565, BNBUSDT, 607.57, 0.04, 22:37:00, True
1739158620569, BNBUSDT, 607.55, 0.05, 22:37:00, True
1739158620882, BNBUSDT, 607.54, 0.49, 22:37:00, True
1739158620882, BNBUSDT, 607.52, 0.01, 22:37:00, True
1739158620882, BNBUSDT, 607.51, 3.17, 22:37:00, True
1739158620888, BNBUSDT, 607.5, 0.01, 22:37:00, True
1739158620904, BNBUSDT, 607.49, 0.03, 22:37:00, True
1739158620909, BNBUSDT, 607.48, 0.21, 22:37:00, True
1739158620909, BNBUSDT, 607.46, 0.03, 22:37:00, True
1739158620909, BNBUSDT, 607.45, 0.07, 22:37:00, True
1739158620926, BNBUSDT, 607.44, 0.02, 22:37:00, True
1739158621099, BNBUSDT, 607.44, 8.3, 22:37:01, False
1739158621282, BNBUSDT, 607.44, 4.68, 22:37:01, False
1739158621373, BNBUSDT, 607.46, 3.46, 22:37:01, False
1739158621406, BNBUSDT, 607.49, 1.15, 22:37:01, True
1739158621450, BNBUSDT, 607.5, 3.79, 22:37:01, False
1739158621456, BNBUSDT, 607.51, 0.02, 22:37:01, False
1739158621467, BNBUSDT, 607.52, 0.37, 22:37:01, False
1739158621487, BNBUSDT, 607.53, 0.04, 22:37:01, False
1739158621489, BNBUSDT, 607.54, 0.02, 22:37:01, False
1739158621720, BNBUSDT, 607.55, 0.92, 22:37:01, False
1739158621723, BNBUSDT, 607.56, 0.33, 22:37:01, False
1739158621974, BNBUSDT, 607.57, 0.1, 22:37:01, False
1739158622100, BNBUSDT, 607.56, 1.09, 22:37:02, True
1739158622132, BNBUSDT, 607.5, 0.91, 22:37:02, True
1739158622133, BNBUSDT, 607.48, 0.91, 22:37:02, True
1739158622133, BNBUSDT, 607.47, 2.59, 22:37:02, True
1739158622133, BNBUSDT, 607.46, 1.58, 22:37:02, True
1739158622133, BNBUSDT, 607.45, 0.69, 22:37:02, True
1739158622133, BNBUSDT, 607.44, 1.65, 22:37:02, True
1739158622243, BNBUSDT, 607.44, 0.02, 22:37:02, True
1739158622405, BNBUSDT, 607.45, 1.0, 22:37:02, False
1739158622468, BNBUSDT, 607.44, 4.81, 22:37:02, True
1739158622468, BNBUSDT, 607.42, 0.07, 22:37:02, True
1739158622468, BNBUSDT, 607.41, 0.01, 22:37:02, True
1739158622468, BNBUSDT, 607.4, 0.05, 22:37:02, True
1739158622468, BNBUSDT, 607.39, 0.71, 22:37:02, True
1739158622468, BNBUSDT, 607.38, 0.66, 22:37:02, True
1739158622468, BNBUSDT, 607.37, 4.37, 22:37:02, True
1739158622468, BNBUSDT, 607.36, 1.65, 22:37:02, True
1739158622564, BNBUSDT, 607.45, 1.7, 22:37:02, False
1739158622785, BNBUSDT, 607.49, 0.31, 22:37:02, True
1739158622819, BNBUSDT, 607.5, 0.34, 22:37:02, False
1739158622941, BNBUSDT, 607.49, 0.07, 22:37:02, True
1739158623082, BNBUSDT, 607.42, 0.02, 22:37:03, True
1739158623086, BNBUSDT, 607.4, 0.02, 22:37:03, True
1739158623087, BNBUSDT, 607.39, 2.54, 22:37:03, True
1739158623093, BNBUSDT, 607.37, 0.02, 22:37:03, True
1739158623102, BNBUSDT, 607.36, 0.03, 22:37:03, True
1739158623114, BNBUSDT, 607.35, 1.97, 22:37:03, True
1739158623120, BNBUSDT, 607.34, 0.09, 22:37:03, True
1739158623125, BNBUSDT, 607.33, 0.17, 22:37:03, True
1739158623164, BNBUSDT, 607.32, 0.02, 22:37:03, True
1739158623209, BNBUSDT, 607.3, 1.27, 22:37:03, True
1739158623209, BNBUSDT, 607.29, 0.03, 22:37:03, True
1739158623276, BNBUSDT, 607.27, 0.04, 22:37:03, True
1739158623291, BNBUSDT, 607.26, 0.04, 22:37:03, True
1739158623363, BNBUSDT, 607.26, 0.32, 22:37:03, False
1739158623599, BNBUSDT, 607.26, 1.47, 22:37:03, False
1739158623803, BNBUSDT, 607.27, 1.0, 22:37:03, False
1739158623959, BNBUSDT, 607.26, 0.01, 22:37:03, True
1739158624013, BNBUSDT, 607.27, 45.88, 22:37:04, False
1739158624168, BNBUSDT,658943127,607.27,45.88,1739158624013,False
1739158624455, BNBUSDT, 607.32, 1.46, 22:37:04, False
1739158624468, BNBUSDT, 607.34, 0.03, 22:37:04, False
1739158624540, BNBUSDT, 607.37, 3.52, 22:37:04, False
1739158624542, BNBUSDT, 607.39, 0.06, 22:37:04, False
1739158624554, BNBUSDT, 607.41, 0.02, 22:37:04, False
1739158624564, BNBUSDT, 607.42, 0.02, 22:37:04, False
1739158624627, BNBUSDT, 607.45, 0.02, 22:37:04, False
1739158624627, BNBUSDT, 607.48, 0.14, 22:37:04, False
1739158624707, BNBUSDT, 607.49, 1.76, 22:37:04, False
1739158624825, BNBUSDT,658943137,607.5,40.67,1739158624802,False
1739158624802, BNBUSDT, 607.5, 40.67, 22:37:04, False
1739158624811, BNBUSDT, 607.51, 0.02, 22:37:04, False
1739158624811, BNBUSDT, 607.53, 0.02, 22:37:04, False
1739158624811, BNBUSDT, 607.54, 0.63, 22:37:04, False
1739158624814, BNBUSDT, 607.55, 0.02, 22:37:04, False
1739158624814, BNBUSDT, 607.56, 0.04, 22:37:04, False
1739158624814, BNBUSDT, 607.57, 0.84, 22:37:04, False
1739158624823, BNBUSDT, 607.58, 0.02, 22:37:04, False
1739158624823, BNBUSDT, 607.6, 0.05, 22:37:04, False
1739158624823, BNBUSDT, 607.62, 3.47, 22:37:04, False
1739158624827, BNBUSDT, 607.63, 2.04, 22:37:04, False
1739158624827, BNBUSDT, 607.64, 3.21, 22:37:04, False
1739158624827, BNBUSDT, 607.65, 16.82, 22:37:04, False
1739158624828, BNBUSDT, 607.67, 2.47, 22:37:04, False
1739158624871, BNBUSDT, 607.68, 0.03, 22:37:04, False
1739158625139, BNBUSDT, 607.68, 1.44, 22:37:05, False
1739158625341, BNBUSDT, 607.68, 0.57, 22:37:05, False
1739158625430, BNBUSDT, 607.69, 0.65, 22:37:05, False
1739158625437, BNBUSDT, 607.72, 0.02, 22:37:05, False
1739158625437, BNBUSDT, 607.74, 0.05, 22:37:05, False
1739158625527, BNBUSDT, 607.74, 0.53, 22:37:05, True
1739158625532, BNBUSDT, 607.75, 0.1, 22:37:05, False
1739158625606, BNBUSDT, 607.78, 1.64, 22:37:05, False
1739158625606, BNBUSDT, 607.79, 0.01, 22:37:05, False
1739158625611, BNBUSDT, 607.8, 0.03, 22:37:05, False
1739158625757, BNBUSDT, 607.8, 0.04, 22:37:05, False
1739158625757, BNBUSDT, 607.81, 0.02, 22:37:05, False
1739158625863, BNBUSDT, 607.84, 0.02, 22:37:05, False
1739158625873, BNBUSDT, 607.86, 0.69, 22:37:05, False
1739158625891, BNBUSDT, 607.87, 0.02, 22:37:05, False
1739158625891, BNBUSDT, 607.88, 0.04, 22:37:05, False
1739158625901, BNBUSDT, 607.9, 0.01, 22:37:05, False
1739158625901, BNBUSDT, 607.91, 0.15, 22:37:05, False
1739158625913, BNBUSDT, 607.92, 1.22, 22:37:05, False
1739158625933, BNBUSDT, 607.93, 0.02, 22:37:05, False
1739158625933, BNBUSDT, 607.94, 0.02, 22:37:05, False
1739158625999, BNBUSDT, 607.91, 0.01, 22:37:05, True
1739158626005, BNBUSDT, 607.92, 0.17, 22:37:06, False
1739158626135, BNBUSDT, 607.91, 3.1, 22:37:06, True
1739158626136, BNBUSDT, 607.9, 8.33, 22:37:06, True
1739158626167, BNBUSDT, 607.91, 0.03, 22:37:06, True
1739158626222, BNBUSDT, 607.86, 0.13, 22:37:06, True
1739158626416, BNBUSDT, 607.86, 0.73, 22:37:06, False
1739158626416, BNBUSDT, 607.87, 0.66, 22:37:06, False
1739158626416, BNBUSDT, 607.89, 1.23, 22:37:06, False
1739158626480, BNBUSDT, 607.92, 0.61, 22:37:06, False
1739158626480, BNBUSDT, 607.96, 1.14, 22:37:06, False
1739158626480, BNBUSDT, 607.97, 1.42, 22:37:06, False
1739158626480, BNBUSDT, 607.98, 0.94, 22:37:06, False
1739158626480, BNBUSDT, 607.99, 0.84, 22:37:06, False
1739158626480, BNBUSDT, 608.0, 0.5, 22:37:06, False
1739158626646, BNBUSDT, 608.0, 0.38, 22:37:06, False
1739158626670, BNBUSDT, 608.01, 0.01, 22:37:06, False
1739158626670, BNBUSDT, 608.02, 0.07, 22:37:06, False
1739158626670, BNBUSDT, 608.03, 0.01, 22:37:06, False
1739158626670, BNBUSDT, 608.04, 1.87, 22:37:06, False
1739158626789, BNBUSDT, 608.04, 0.02, 22:37:06, True
1739158626847, BNBUSDT, 608.05, 1.0, 22:37:06, False
1739158626952, BNBUSDT, 608.04, 10.14, 22:37:06, True
1739158626952, BNBUSDT, 608.03, 2.31, 22:37:06, True
1739158626952, BNBUSDT, 608.02, 0.91, 22:37:06, True
1739158626952, BNBUSDT, 608.01, 1.64, 22:37:06, True
1739158627316, BNBUSDT, 608.01, 0.01, 22:37:07, True
1739158627937, BNBUSDT, 608.01, 0.82, 22:37:07, True
1739158628214, BNBUSDT, 608.01, 0.13, 22:37:08, True
1739158628314, BNBUSDT, 608.02, 0.17, 22:37:08, False
1739158628481, BNBUSDT, 608.02, 10.29, 22:37:08, False
1739158628497, BNBUSDT, 608.04, 1.93, 22:37:08, False
1739158628497, BNBUSDT, 608.05, 0.36, 22:37:08, False
1739158628526, BNBUSDT, 608.07, 4.39, 22:37:08, False
1739158628534, BNBUSDT, 608.08, 0.02, 22:37:08, False
1739158628534, BNBUSDT, 608.09, 0.16, 22:37:08, False
1739158628564, BNBUSDT, 608.1, 0.06, 22:37:08, False
1739158628565, BNBUSDT, 608.11, 0.01, 22:37:08, False
1739158628565, BNBUSDT, 608.12, 0.64, 22:37:08, False
1739158628750, BNBUSDT, 608.12, 0.02, 22:37:08, True
1739158628978, BNBUSDT, 608.12, 13.54, 22:37:08, True
1739158629065, BNBUSDT, 608.08, 0.08, 22:37:09, True
1739158629251, BNBUSDT, 608.08, 0.01, 22:37:09, True
1739158629517, BNBUSDT, 608.09, 13.93, 22:37:09, False
1739158629517, BNBUSDT, 608.1, 4.79, 22:37:09, False
1739158629517, BNBUSDT, 608.11, 8.52, 22:37:09, False
1739158629517, BNBUSDT, 608.12, 1.87, 22:37:09, False
1739158629517, BNBUSDT, 608.13, 10.07, 22:37:09, False
1739158629517, BNBUSDT, 608.14, 3.15, 22:37:09, False
1739158629634, BNBUSDT, 608.15, 2.1, 22:37:09, False
1739158629699, BNBUSDT, 608.16, 1.61, 22:37:09, False
1739158629710, BNBUSDT, 608.17, 0.24, 22:37:09, False
1739158629710, BNBUSDT, 608.18, 0.01, 22:37:09, False
1739158629714, BNBUSDT, 608.2, 0.26, 22:37:09, False
1739158629766, BNBUSDT, 608.21, 0.54, 22:37:09, False
1739158629767, BNBUSDT, 608.22, 1.85, 22:37:09, False
1739158629772, BNBUSDT, 608.23, 0.01, 22:37:09, False
1739158629772, BNBUSDT, 608.24, 1.64, 22:37:09, False
1739158629792, BNBUSDT, 608.25, 1.0, 22:37:09, False
1739158630072, BNBUSDT, 608.25, 0.01, 22:37:10, False
1739158630269, BNBUSDT, 608.25, 0.94, 22:37:10, False
1739158630380, BNBUSDT, 608.25, 3.76, 22:37:10, False
1739158630381, BNBUSDT, 608.26, 83.58, 22:37:10, False
1739158630413, BNBUSDT,658943235,608.26,83.58,1739158630381,False
1739158630409, BNBUSDT, 608.27, 0.39, 22:37:10, False
1739158630493, BNBUSDT, 608.27, 0.01, 22:37:10, True
1739158630588, BNBUSDT, 608.28, 4.64, 22:37:10, False
1739158630672, BNBUSDT, 608.28, 0.5, 22:37:10, True
1739158630716, BNBUSDT, 608.29, 0.27, 22:37:10, False
1739158631072, BNBUSDT, 608.28, 49.42, 22:37:11, True
1739158631083, BNBUSDT,658943241,608.28,49.42,1739158631072,True
1739158631079, BNBUSDT, 608.27, 6.62, 22:37:11, True
1739158631084, BNBUSDT, 608.26, 26.71, 22:37:11, True
1739158631094, BNBUSDT,658943243,608.26,26.71,1739158631084,True
1739158631090, BNBUSDT, 608.25, 3.33, 22:37:11, True
1739158631185, BNBUSDT, 608.25, 22.49, 22:37:11, False
1739158631261, BNBUSDT, 608.24, 3.01, 22:37:11, True
1739158631302, BNBUSDT, 608.25, 1.92, 22:37:11, False
1739158631380, BNBUSDT, 608.28, 0.37, 22:37:11, True
1739158631547, BNBUSDT, 608.28, 0.05, 22:37:11, True
1739158631640, BNBUSDT, 608.29, 0.01, 22:37:11, False
1739158631687, BNBUSDT, 608.28, 0.31, 22:37:11, True
1739158632005, BNBUSDT, 608.28, 0.19, 22:37:12, True
1739158632315, BNBUSDT, 608.24, 1.77, 22:37:12, True
1739158632396, BNBUSDT, 608.2, 0.03, 22:37:12, True
1739158632396, BNBUSDT, 608.19, 0.01, 22:37:12, True
1739158632396, BNBUSDT, 608.18, 0.24, 22:37:12, True
1739158632559, BNBUSDT, 608.19, 3.09, 22:37:12, False
1739158632587, BNBUSDT, 608.18, 0.79, 22:37:12, True
1739158632745, BNBUSDT, 608.18, 2.0, 22:37:12, True
1739158632828, BNBUSDT, 608.19, 1.03, 22:37:12, False
1739158632907, BNBUSDT, 608.18, 0.07, 22:37:12, True
1739158633097, BNBUSDT, 608.19, 3.09, 22:37:13, False
1739158633289, BNBUSDT, 608.18, 5.66, 22:37:13, True
1739158633390, BNBUSDT, 608.17, 0.02, 22:37:13, True
1739158633397, BNBUSDT, 608.15, 0.02, 22:37:13, True
1739158633397, BNBUSDT, 608.14, 0.01, 22:37:13, True
1739158633397, BNBUSDT, 608.13, 0.03, 22:37:13, True
1739158633397, BNBUSDT, 608.12, 0.89, 22:37:13, True
1739158633397, BNBUSDT, 608.11, 0.03, 22:37:13, True
1739158633397, BNBUSDT, 608.1, 0.55, 22:37:13, True
1739158633458, BNBUSDT, 608.09, 0.02, 22:37:13, True
1739158633711, BNBUSDT, 608.08, 0.02, 22:37:13, True
1739158633731, BNBUSDT, 608.05, 0.03, 22:37:13, True
1739158633835, BNBUSDT, 608.06, 1.06, 22:37:13, False
1739158633940, BNBUSDT, 608.05, 0.03, 22:37:13, True
1739158633974, BNBUSDT, 608.01, 8.54, 22:37:13, False
1739158634144, BNBUSDT, 608.01, 8.27, 22:37:14, False
1739158634156, BNBUSDT, 608.02, 2.18, 22:37:14, False
1739158634213, BNBUSDT, 608.04, 2.05, 22:37:14, False
1739158634231, BNBUSDT, 608.06, 0.02, 22:37:14, False
1739158634231, BNBUSDT, 608.09, 1.27, 22:37:14, False
1739158634231, BNBUSDT, 608.1, 4.2, 22:37:14, False
1739158634231, BNBUSDT, 608.11, 1.96, 22:37:14, False
1739158634231, BNBUSDT, 608.12, 9.33, 22:37:14, False
1739158634231, BNBUSDT, 608.14, 0.96, 22:37:14, False
1739158634231, BNBUSDT, 608.15, 4.63, 22:37:14, False
1739158634231, BNBUSDT, 608.16, 19.09, 22:37:14, False
1739158634344, BNBUSDT, 608.15, 9.27, 22:37:14, True
1739158634359, BNBUSDT, 608.14, 0.99, 22:37:14, True
1739158634359, BNBUSDT, 608.12, 0.91, 22:37:14, True
1739158634359, BNBUSDT, 608.11, 0.66, 22:37:14, True
1739158634359, BNBUSDT, 608.1, 16.6, 22:37:14, True
1739158634359, BNBUSDT, 608.09, 2.55, 22:37:14, True
1739158634359, BNBUSDT, 608.08, 9.44, 22:37:14, True
1739158634359, BNBUSDT, 608.07, 6.61, 22:37:14, True
1739158634359, BNBUSDT, 608.06, 12.28, 22:37:14, True
1739158634359, BNBUSDT, 608.05, 4.71, 22:37:14, True
1739158634410, BNBUSDT, 608.06, 7.86, 22:37:14, False
1739158634420, BNBUSDT, 608.08, 0.04, 22:37:14, False
1739158634475, BNBUSDT, 608.07, 9.71, 22:37:14, True
1739158634483, BNBUSDT, 608.05, 0.62, 22:37:14, True
1739158634496, BNBUSDT, 608.01, 0.03, 22:37:14, True
1739158634714, BNBUSDT, 608.01, 1.28, 22:37:14, False
1739158634843, BNBUSDT, 608.0, 0.03, 22:37:14, True
1739158634957, BNBUSDT, 608.01, 17.48, 22:37:14, False
1739158634957, BNBUSDT, 608.02, 2.43, 22:37:14, False
1739158634957, BNBUSDT, 608.03, 1.89, 22:37:14, False
1739158634957, BNBUSDT, 608.04, 4.89, 22:37:14, False
1739158634957, BNBUSDT, 608.05, 9.7, 22:37:14, False
1739158634957, BNBUSDT, 608.06, 1.91, 22:37:14, False
1739158634957, BNBUSDT, 608.07, 9.59, 22:37:14, False
1739158634957, BNBUSDT, 608.08, 2.11, 22:37:14, False
1739158635010, BNBUSDT, 608.01, 0.03, 22:37:15, False
1739158635083, BNBUSDT, 608.0, 1.8, 22:37:15, True
1739158635472, BNBUSDT, 608.01, 1.47, 22:37:15, False
1739158635472, BNBUSDT, 608.02, 1.52, 22:37:15, False
1739158635547, BNBUSDT, 608.08, 1.2, 22:37:15, False
1739158635597, BNBUSDT, 608.08, 25.02, 22:37:15, True
1739158635610, BNBUSDT,658943318,608.08,25.02,1739158635597,True
1739158635607, BNBUSDT, 608.09, 0.02, 22:37:15, False
1739158635607, BNBUSDT, 608.1, 0.01, 22:37:15, False
1739158635610, BNBUSDT, 608.11, 0.5, 22:37:15, False
1739158635617, BNBUSDT, 608.12, 0.01, 22:37:15, False
1739158635617, BNBUSDT, 608.14, 2.37, 22:37:15, False
1739158635626, BNBUSDT, 608.15, 0.02, 22:37:15, False
1739158635626, BNBUSDT, 608.16, 0.38, 22:37:15, False
1739158635628, BNBUSDT, 608.17, 1.69, 22:37:15, False
1739158635641, BNBUSDT, 608.18, 0.02, 22:37:15, False
1739158635665, BNBUSDT, 608.13, 0.02, 22:37:15, True
1739158635854, BNBUSDT, 608.18, 0.04, 22:37:15, False
1739158635859, BNBUSDT, 608.17, 0.02, 22:37:15, True
1739158635922, BNBUSDT, 608.18, 1.44, 22:37:15, False
1739158636106, BNBUSDT, 608.17, 0.84, 22:37:16, True
1739158636118, BNBUSDT, 608.09, 0.02, 22:37:16, True
1739158636118, BNBUSDT, 608.08, 0.01, 22:37:16, True
1739158636118, BNBUSDT, 608.07, 0.16, 22:37:16, True
1739158636143, BNBUSDT, 608.06, 0.03, 22:37:16, True
1739158636557, BNBUSDT, 608.06, 1.01, 22:37:16, True
1739158636572, BNBUSDT, 608.05, 0.02, 22:37:16, True
1739158636572, BNBUSDT, 608.03, 0.02, 22:37:16, True
1739158636574, BNBUSDT, 608.02, 0.01, 22:37:16, True
1739158636574, BNBUSDT, 608.01, 0.01, 22:37:16, True
1739158636625, BNBUSDT, 608.01, 0.49, 22:37:16, False
1739158636673, BNBUSDT, 608.0, 1.88, 22:37:16, True
1739158636695, BNBUSDT, 607.97, 0.02, 22:37:16, True
1739158636710, BNBUSDT, 607.94, 0.06, 22:37:16, True
1739158636776, BNBUSDT, 607.91, 0.03, 22:37:16, True
1739158636776, BNBUSDT, 607.9, 0.09, 22:37:16, True
1739158636803, BNBUSDT, 607.91, 0.27, 22:37:16, False
1739158636941, BNBUSDT, 607.88, 1.34, 22:37:16, True
1739158637053, BNBUSDT, 607.86, 0.04, 22:37:17, True
1739158637053, BNBUSDT, 607.85, 0.03, 22:37:17, True
1739158637195, BNBUSDT, 607.82, 1.7, 22:37:17, True
1739158637266, BNBUSDT, 607.83, 0.09, 22:37:17, False
1739158637361, BNBUSDT, 607.86, 0.01, 22:37:17, False
1739158637366, BNBUSDT, 607.85, 0.65, 22:37:17, True
1739158637496, BNBUSDT, 607.83, 4.2, 22:37:17, False
1739158637805, BNBUSDT, 607.83, 0.53, 22:37:17, True
1739158637811, BNBUSDT, 607.81, 3.28, 22:37:17, True
1739158637828, BNBUSDT,658943359,607.8,57.59,1739158637818,True
1739158637818, BNBUSDT, 607.8, 57.59, 22:37:17, True
1739158637824, BNBUSDT, 607.79, 0.02, 22:37:17, True
1739158637841, BNBUSDT, 607.76, 0.02, 22:37:17, True
1739158637888, BNBUSDT, 607.76, 14.29, 22:37:17, False
1739158638010, BNBUSDT, 607.76, 1.48, 22:37:18, False
1739158638389, BNBUSDT, 607.77, 1.57, 22:37:18, False
1739158638389, BNBUSDT, 607.76, 13.11, 22:37:18, True
1739158638389, BNBUSDT, 607.75, 2.99, 22:37:18, True
1739158638389, BNBUSDT, 607.74, 1.58, 22:37:18, True
1739158638389, BNBUSDT, 607.73, 0.33, 22:37:18, True
1739158638395, BNBUSDT, 607.8, 0.91, 22:37:18, False
1739158638414, BNBUSDT, 607.84, 0.98, 22:37:18, False
1739158638414, BNBUSDT, 607.86, 2.24, 22:37:18, False
1739158638414, BNBUSDT, 607.87, 2.78, 22:37:18, False
1739158638414, BNBUSDT, 607.88, 1.88, 22:37:18, False
1739158638635, BNBUSDT, 607.85, 4.45, 22:37:18, True
1739158638737, BNBUSDT, 607.85, 0.19, 22:37:18, True
1739158638974, BNBUSDT, 607.85, 0.49, 22:37:18, True
1739158639052, BNBUSDT, 607.78, 0.03, 22:37:19, True
1739158639073, BNBUSDT, 607.75, 0.02, 22:37:19, True
1739158639156, BNBUSDT, 607.74, 0.09, 22:37:19, True
1739158639228, BNBUSDT, 607.73, 0.03, 22:37:19, True
1739158639301, BNBUSDT, 607.72, 14.28, 22:37:19, False
1739158639386, BNBUSDT, 607.74, 0.02, 22:37:19, False
1739158639442, BNBUSDT, 607.73, 0.03, 22:37:19, True
1739158639735, BNBUSDT, 607.72, 0.55, 22:37:19, False
1739158639738, BNBUSDT, 607.74, 0.32, 22:37:19, False
1739158639738, BNBUSDT, 607.76, 1.21, 22:37:19, False
1739158639863, BNBUSDT, 607.79, 0.02, 22:37:19, False
1739158639987, BNBUSDT, 607.79, 0.4, 22:37:19, False
1739158640068, BNBUSDT, 607.82, 2.21, 22:37:20, True
1739158640068, BNBUSDT, 607.8, 0.76, 22:37:20, True
1739158640068, BNBUSDT, 607.79, 9.32, 22:37:20, True
1739158640079, BNBUSDT, 607.83, 0.02, 22:37:20, False
1739158640079, BNBUSDT, 607.84, 0.01, 22:37:20, False
1739158640152, BNBUSDT, 607.85, 0.02, 22:37:20, False
1739158640187, BNBUSDT, 607.86, 0.9, 22:37:20, False
1739158640571, BNBUSDT, 607.86, 0.8, 22:37:20, False
1739158640728, BNBUSDT, 607.85, 9.89, 22:37:20, True
1739158640895, BNBUSDT, 607.78, 0.3, 22:37:20, True
1739158641036, BNBUSDT, 607.75, 0.02, 22:37:21, True
1739158641220, BNBUSDT, 607.74, 0.02, 22:37:21, True
1739158641220, BNBUSDT, 607.71, 0.01, 22:37:21, True
1739158641242, BNBUSDT, 607.72, 11.63, 22:37:21, False
1739158641360, BNBUSDT, 607.71, 1.05, 22:37:21, True
1739158641368, BNBUSDT, 607.72, 11.04, 22:37:21, False
1739158641559, BNBUSDT, 607.73, 0.54, 22:37:21, True
1739158641568, BNBUSDT, 607.74, 0.12, 22:37:21, False
1739158641568, BNBUSDT, 607.76, 0.87, 22:37:21, False
1739158641568, BNBUSDT, 607.78, 0.87, 22:37:21, False
1739158641568, BNBUSDT, 607.79, 7.87, 22:37:21, False
1739158641568, BNBUSDT, 607.8, 2.76, 22:37:21, False
1739158641568, BNBUSDT, 607.82, 3.38, 22:37:21, False
1739158641571, BNBUSDT, 607.84, 2.77, 22:37:21, False
1739158641579, BNBUSDT, 607.86, 0.02, 22:37:21, False
1739158641742, BNBUSDT, 607.86, 0.58, 22:37:21, False
1739158641971, BNBUSDT, 607.85, 1.23, 22:37:21, True
1739158642132, BNBUSDT, 607.78, 0.09, 22:37:22, True
1739158642422, BNBUSDT, 607.78, 0.02, 22:37:22, True
1739158642422, BNBUSDT, 607.78, 0.03, 22:37:22, False
1739158642505, BNBUSDT, 607.75, 0.05, 22:37:22, True
1739158642573, BNBUSDT, 607.72, 0.02, 22:37:22, True
1739158642620, BNBUSDT, 607.71, 0.03, 22:37:22, True
1739158642631, BNBUSDT, 607.72, 1.32, 22:37:22, False
1739158642817, BNBUSDT, 607.7, 0.68, 22:37:22, True
1739158642838, BNBUSDT, 607.68, 0.02, 22:37:22, True
1739158642973, BNBUSDT, 607.66, 0.18, 22:37:22, True
1739158643035, BNBUSDT, 607.65, 0.02, 22:37:23, True
1739158643102, BNBUSDT, 607.63, 0.31, 22:37:23, True
1739158643168, BNBUSDT, 607.62, 1.98, 22:37:23, True
1739158643178, BNBUSDT, 607.6, 0.04, 22:37:23, True
1739158643242, BNBUSDT, 607.59, 0.01, 22:37:23, True
1739158643245, BNBUSDT, 607.57, 0.07, 22:37:23, True
1739158643245, BNBUSDT, 607.56, 0.04, 22:37:23, True
1739158643370, BNBUSDT, 607.55, 1.36, 22:37:23, True
1739158643371, BNBUSDT, 607.54, 2.78, 22:37:23, True
1739158643376, BNBUSDT, 607.52, 0.04, 22:37:23, True
1739158643376, BNBUSDT, 607.51, 3.23, 22:37:23, True
1739158643526, BNBUSDT, 607.5, 0.01, 22:37:23, True
1739158643530, BNBUSDT, 607.49, 14.52, 22:37:23, True
1739158643609, BNBUSDT, 607.46, 0.06, 22:37:23, True
1739158643609, BNBUSDT, 607.45, 0.09, 22:37:23, True
1739158643609, BNBUSDT, 607.43, 0.02, 22:37:23, True
1739158643609, BNBUSDT, 607.42, 0.01, 22:37:23, True
1739158643609, BNBUSDT, 607.41, 6.92, 22:37:23, True
1739158643609, BNBUSDT, 607.4, 10.09, 22:37:23, True
1739158643609, BNBUSDT, 607.39, 4.5, 22:37:23, True
1739158643609, BNBUSDT, 607.38, 9.91, 22:37:23, True
1739158643833, BNBUSDT, 607.38, 14.14, 22:37:23, True
1739158643859, BNBUSDT, 607.36, 0.01, 22:37:23, True
1739158643859, BNBUSDT, 607.35, 3.25, 22:37:23, True
1739158643885, BNBUSDT, 607.33, 0.15, 22:37:23, True
1739158643885, BNBUSDT, 607.32, 0.5, 22:37:23, True
1739158643885, BNBUSDT, 607.29, 0.37, 22:37:23, True
1739158644035, BNBUSDT, 607.3, 0.02, 22:37:24, False
1739158644070, BNBUSDT, 607.29, 0.5, 22:37:24, True
1739158644088, BNBUSDT, 607.3, 13.51, 22:37:24, False
1739158644098, BNBUSDT, 607.31, 2.78, 22:37:24, False
1739158644104, BNBUSDT, 607.33, 0.01, 22:37:24, False
1739158644104, BNBUSDT, 607.34, 1.71, 22:37:24, False
1739158644107, BNBUSDT, 607.35, 0.05, 22:37:24, False
1739158644110, BNBUSDT, 607.37, 0.53, 22:37:24, False
1739158644114, BNBUSDT, 607.38, 0.03, 22:37:24, False
1739158644114, BNBUSDT, 607.39, 0.04, 22:37:24, False
1739158644180, BNBUSDT, 607.43, 0.24, 22:37:24, False
1739158644370, BNBUSDT, 607.43, 5.28, 22:37:24, True
1739158644416, BNBUSDT, 607.39, 1.58, 22:37:24, False
1739158644448, BNBUSDT, 607.38, 0.18, 22:37:24, True
1739158644752, BNBUSDT, 607.33, 0.88, 22:37:24, True
1739158644800, BNBUSDT, 607.29, 2.95, 22:37:24, True
1739158644873, BNBUSDT, 607.27, 0.04, 22:37:24, True
1739158644889, BNBUSDT, 607.26, 0.02, 22:37:24, True
1739158644889, BNBUSDT, 607.25, 0.09, 22:37:24, True
1739158644889, BNBUSDT, 607.24, 0.01, 22:37:24, True
1739158644889, BNBUSDT, 607.23, 0.01, 22:37:24, True
1739158644889, BNBUSDT, 607.22, 0.18, 22:37:24, True
1739158644931, BNBUSDT, 607.22, 15.08, 22:37:24, False
1739158644937, BNBUSDT, 607.21, 0.01, 22:37:24, True
1739158644937, BNBUSDT, 607.2, 0.02, 22:37:24, True
1739158644937, BNBUSDT, 607.19, 0.02, 22:37:24, True
1739158644937, BNBUSDT, 607.18, 0.3, 22:37:24, True
1739158645056, BNBUSDT, 607.2, 2.3, 22:37:25, False
1739158645136, BNBUSDT, 607.18, 3.26, 22:37:25, False
1739158645173, BNBUSDT, 607.18, 1.6, 22:37:25, True
1739158645298, BNBUSDT, 607.19, 1.04, 22:37:25, False
1739158645484, BNBUSDT, 607.18, 0.02, 22:37:25, True
1739158645524, BNBUSDT, 607.17, 0.32, 22:37:25, True
1739158645527, BNBUSDT, 607.16, 0.01, 22:37:25, True
1739158645532, BNBUSDT, 607.15, 0.1, 22:37:25, True
1739158645538, BNBUSDT, 607.14, 0.44, 22:37:25, True
1739158645562, BNBUSDT, 607.11, 0.04, 22:37:25, True
1739158645562, BNBUSDT, 607.1, 0.23, 22:37:25, True
1739158645562, BNBUSDT, 607.09, 0.03, 22:37:25, True
1739158645710, BNBUSDT, 607.07, 0.36, 22:37:25, True
1739158646012, BNBUSDT, 607.08, 9.37, 22:37:26, False
1739158646160, BNBUSDT, 607.15, 0.04, 22:37:26, False
1739158646160, BNBUSDT, 607.17, 0.01, 22:37:26, False
1739158646160, BNBUSDT, 607.18, 0.47, 22:37:26, False
1739158646160, BNBUSDT, 607.19, 0.88, 22:37:26, False
1739158646221, BNBUSDT, 607.21, 0.02, 22:37:26, False
1739158646279, BNBUSDT, 607.21, 0.02, 22:37:26, True
1739158646299, BNBUSDT, 607.22, 0.15, 22:37:26, False
1739158646350, BNBUSDT, 607.21, 21.46, 22:37:26, True
1739158646351, BNBUSDT, 607.22, 3.48, 22:37:26, False
1739158646381, BNBUSDT, 607.21, 1.84, 22:37:26, True
1739158646381, BNBUSDT, 607.2, 0.07, 22:37:26, True
1739158646572, BNBUSDT, 607.14, 0.03, 22:37:26, True
1739158646592, BNBUSDT, 607.11, 0.02, 22:37:26, True
1739158646614, BNBUSDT, 607.1, 0.04, 22:37:26, True
1739158646669, BNBUSDT, 607.08, 1.52, 22:37:26, True
1739158646669, BNBUSDT, 607.07, 0.09, 22:37:26, True
1739158646669, BNBUSDT, 607.06, 0.02, 22:37:26, True
1739158646673, BNBUSDT, 607.05, 0.46, 22:37:26, True
1739158646673, BNBUSDT, 607.04, 0.02, 22:37:26, True
1739158646673, BNBUSDT, 607.03, 0.4, 22:37:26, True
1739158646673, BNBUSDT, 607.02, 2.39, 22:37:26, True
1739158646693, BNBUSDT, 607.01, 0.03, 22:37:26, True
1739158646693, BNBUSDT, 607.0, 15.25, 22:37:26, True
1739158646695, BNBUSDT, 606.98, 0.08, 22:37:26, True
1739158646837, BNBUSDT, 606.97, 0.05, 22:37:26, True
1739158646842, BNBUSDT, 606.96, 0.02, 22:37:26, True
1739158646842, BNBUSDT, 606.94, 0.01, 22:37:26, True
1739158647032, BNBUSDT, 606.94, 0.02, 22:37:27, True
1739158647039, BNBUSDT, 606.92, 0.23, 22:37:27, True
1739158647060, BNBUSDT, 606.91, 0.02, 22:37:27, True
1739158647886, BNBUSDT, 606.91, 0.01, 22:37:27, False
1739158647957, BNBUSDT, 606.9, 10.57, 22:37:27, True
1739158648229, BNBUSDT, 606.9, 5.09, 22:37:28, False
1739158648254, BNBUSDT, 606.91, 20.89, 22:37:28, False
1739158648296, BNBUSDT, 606.95, 0.01, 22:37:28, False
1739158648301, BNBUSDT, 606.94, 1.15, 22:37:28, True
1739158648439, BNBUSDT, 606.95, 1.17, 22:37:28, False
1739158648446, BNBUSDT, 606.99, 0.02, 22:37:28, False
1739158648484, BNBUSDT, 607.0, 0.14, 22:37:28, False
1739158648543, BNBUSDT, 607.01, 0.22, 22:37:28, True
1739158648599, BNBUSDT, 607.02, 0.02, 22:37:28, False
1739158648611, BNBUSDT, 607.04, 0.02, 22:37:28, False
1739158648611, BNBUSDT, 607.05, 0.04, 22:37:28, False
1739158648611, BNBUSDT, 607.07, 0.02, 22:37:28, False
1739158648611, BNBUSDT, 607.08, 0.05, 22:37:28, False
1739158648810, BNBUSDT, 607.03, 0.5, 22:37:28, False
1739158648810, BNBUSDT, 607.04, 3.01, 22:37:28, False
1739158648845, BNBUSDT, 607.1, 0.11, 22:37:28, False
1739158648847, BNBUSDT, 607.11, 0.01, 22:37:28, False
1739158648847, BNBUSDT, 607.12, 0.02, 22:37:28, False
1739158648981, BNBUSDT, 607.14, 0.02, 22:37:28, False
1739158649040, BNBUSDT, 607.17, 0.67, 22:37:29, False
1739158649093, BNBUSDT, 607.2, 0.02, 22:37:29, False
1739158649100, BNBUSDT, 607.21, 0.02, 22:37:29, False
1739158649100, BNBUSDT, 607.23, 0.01, 22:37:29, False
1739158649282, BNBUSDT, 607.23, 0.01, 22:37:29, True
1739158649388, BNBUSDT, 607.2, 0.93, 22:37:29, False
1739158649516, BNBUSDT, 607.22, 0.07, 22:37:29, True
1739158649767, BNBUSDT, 607.2, 0.03, 22:37:29, False
1739158649817, BNBUSDT, 607.21, 0.03, 22:37:29, False
1739158649821, BNBUSDT, 607.22, 0.38, 22:37:29, False
1739158650263, BNBUSDT, 607.21, 1.89, 22:37:30, True
1739158650319, BNBUSDT, 607.22, 0.16, 22:37:30, False
1739158651061, BNBUSDT, 607.22, 0.56, 22:37:31, False
1739158651115, BNBUSDT, 607.24, 0.08, 22:37:31, False
1739158651183, BNBUSDT, 607.25, 0.85, 22:37:31, True
1739158651552, BNBUSDT, 607.22, 0.66, 22:37:31, False
1739158651564, BNBUSDT, 607.26, 0.02, 22:37:31, False
1739158651579, BNBUSDT, 607.27, 0.04, 22:37:31, False
1739158651579, BNBUSDT, 607.29, 0.06, 22:37:31, False
1739158651612, BNBUSDT, 607.31, 0.01, 22:37:31, False
1739158651612, BNBUSDT, 607.32, 0.05, 22:37:31, False
1739158651612, BNBUSDT, 607.33, 0.55, 22:37:31, False
1739158651612, BNBUSDT, 607.34, 0.01, 22:37:31, False
1739158651822, BNBUSDT, 607.34, 0.05, 22:37:31, True
1739158651927, BNBUSDT, 607.35, 0.57, 22:37:31, False
1739158651927, BNBUSDT, 607.36, 0.03, 22:37:31, False
1739158651927, BNBUSDT, 607.38, 0.71, 22:37:31, False
1739158651927, BNBUSDT, 607.39, 0.66, 22:37:31, False
1739158651927, BNBUSDT, 607.4, 0.03, 22:37:31, False
1739158651927, BNBUSDT, 607.42, 0.2, 22:37:31, False
1739158651927, BNBUSDT, 607.43, 1.42, 22:37:31, False
1739158651927, BNBUSDT, 607.44, 0.53, 22:37:31, False
1739158651961, BNBUSDT, 607.41, 0.2, 22:37:31, True
1739158652226, BNBUSDT, 607.34, 8.79, 22:37:32, True
1739158652275, BNBUSDT, 607.3, 0.36, 22:37:32, True
1739158652603, BNBUSDT, 607.3, 3.06, 22:37:32, True
1739158652603, BNBUSDT, 607.29, 1.81, 22:37:32, True
1739158652603, BNBUSDT, 607.28, 0.82, 22:37:32, True
1739158652603, BNBUSDT, 607.27, 0.69, 22:37:32, True
1739158652603, BNBUSDT, 607.26, 1.48, 22:37:32, True
1739158652603, BNBUSDT, 607.25, 7.86, 22:37:32, True
1739158652603, BNBUSDT, 607.24, 0.83, 22:37:32, True
1739158652603, BNBUSDT, 607.23, 3.6, 22:37:32, True
1739158652603, BNBUSDT, 607.22, 4.35, 22:37:32, True
1739158652603, BNBUSDT, 607.21, 18.57, 22:37:32, True
1739158652603, BNBUSDT, 607.2, 0.66, 22:37:32, True
1739158652603, BNBUSDT, 607.19, 2.8, 22:37:32, True
1739158652603, BNBUSDT, 607.18, 6.03, 22:37:32, True
1739158652603, BNBUSDT, 607.16, 0.32, 22:37:32, True
1739158652603, BNBUSDT, 607.15, 4.67, 22:37:32, True
1739158652603, BNBUSDT, 607.14, 5.71, 22:37:32, True
1739158652603, BNBUSDT, 607.13, 6.17, 22:37:32, True
1739158652603, BNBUSDT, 607.12, 25.05, 22:37:32, True
1739158652603, BNBUSDT, 607.11, 1.56, 22:37:32, True
1739158652618, BNBUSDT, 607.19, 0.02, 22:37:32, True
1739158652666, BNBUSDT, 607.14, 0.01, 22:37:32, True
1739158652770, BNBUSDT, 607.15, 5.61, 22:37:32, False
1739158653010, BNBUSDT, 607.17, 5.54, 22:37:33, False
1739158653265, BNBUSDT, 607.25, 0.08, 22:37:33, False
1739158653482, BNBUSDT, 607.24, 0.78, 22:37:33, True
1739158653487, BNBUSDT, 607.2, 1.73, 22:37:33, True
1739158653753, BNBUSDT, 607.19, 0.03, 22:37:33, True
1739158653800, BNBUSDT, 607.17, 0.02, 22:37:33, True
1739158653845, BNBUSDT, 607.12, 0.02, 22:37:33, True
1739158653845, BNBUSDT, 607.1, 0.01, 22:37:33, True
1739158653893, BNBUSDT, 607.1, 9.73, 22:37:33, False
1739158653893, BNBUSDT, 607.11, 0.71, 22:37:33, False
1739158653893, BNBUSDT, 607.12, 1.51, 22:37:33, False
1739158653893, BNBUSDT, 607.13, 4.51, 22:37:33, False
1739158654060, BNBUSDT, 607.19, 1.98, 22:37:34, True
1739158654098, BNBUSDT, 607.2, 1.27, 22:37:34, False
1739158654157, BNBUSDT, 607.23, 0.01, 22:37:34, False
1739158654238, BNBUSDT, 607.27, 4.32, 22:37:34, True
1739158654373, BNBUSDT, 607.28, 0.02, 22:37:34, False
1739158654378, BNBUSDT, 607.3, 0.02, 22:37:34, False
1739158654378, BNBUSDT, 607.32, 0.03, 22:37:34, False
1739158654392, BNBUSDT, 607.33, 0.02, 22:37:34, False
1739158654392, BNBUSDT, 607.35, 2.56, 22:37:34, False
1739158654429, BNBUSDT, 607.36, 0.03, 22:37:34, False
1739158654437, BNBUSDT, 607.37, 3.34, 22:37:34, False
1739158654437, BNBUSDT, 607.38, 0.03, 22:37:34, False
1739158654437, BNBUSDT, 607.39, 0.02, 22:37:34, False
1739158654437, BNBUSDT, 607.4, 0.02, 22:37:34, False
1739158654437, BNBUSDT, 607.41, 0.48, 22:37:34, False
1739158654437, BNBUSDT, 607.42, 0.02, 22:37:34, False
1739158654437, BNBUSDT, 607.44, 0.78, 22:37:34, False
1739158654437, BNBUSDT, 607.45, 0.31, 22:37:34, False
1739158654563, BNBUSDT, 607.45, 0.5, 22:37:34, True
1739158654563, BNBUSDT, 607.46, 0.08, 22:37:34, False
1739158654773, BNBUSDT, 607.46, 1.52, 22:37:34, False
1739158654819, BNBUSDT, 607.48, 0.68, 22:37:34, False
1739158654819, BNBUSDT, 607.49, 0.03, 22:37:34, False
1739158654833, BNBUSDT, 607.5, 0.05, 22:37:34, False
1739158654936, BNBUSDT, 607.5, 0.82, 22:37:34, True
1739158654992, BNBUSDT, 607.51, 0.01, 22:37:34, False
1739158654995, BNBUSDT, 607.52, 0.02, 22:37:34, False
1739158655046, BNBUSDT, 607.52, 0.01, 22:37:35, True
1739158655050, BNBUSDT, 607.53, 0.02, 22:37:35, False
1739158655112, BNBUSDT, 607.55, 1.38, 22:37:35, False
1739158655112, BNBUSDT, 607.56, 0.05, 22:37:35, False
1739158655151, BNBUSDT, 607.57, 0.39, 22:37:35, False
1739158655382, BNBUSDT, 607.59, 7.51, 22:37:35, False
1739158655382, BNBUSDT, 607.6, 0.02, 22:37:35, False
1739158655382, BNBUSDT, 607.62, 0.94, 22:37:35, False
1739158655382, BNBUSDT, 607.63, 0.68, 22:37:35, False
1739158655382, BNBUSDT, 607.64, 0.02, 22:37:35, False
1739158655382, BNBUSDT, 607.65, 0.04, 22:37:35, False
1739158655382, BNBUSDT, 607.67, 4.25, 22:37:35, False
1739158655382, BNBUSDT, 607.68, 1.77, 22:37:35, False
1739158655382, BNBUSDT, 607.69, 1.76, 22:37:35, False
1739158655382, BNBUSDT, 607.71, 7.53, 22:37:35, False
1739158655382, BNBUSDT, 607.72, 0.85, 22:37:35, False
1739158655382, BNBUSDT, 607.73, 6.62, 22:37:35, False
1739158655382, BNBUSDT, 607.74, 2.75, 22:37:35, False
1739158655382, BNBUSDT, 607.75, 3.16, 22:37:35, False
1739158655382, BNBUSDT, 607.76, 8.27, 22:37:35, False
1739158655382, BNBUSDT, 607.77, 14.32, 22:37:35, False
1739158655382, BNBUSDT, 607.78, 1.58, 22:37:35, False
1739158655382, BNBUSDT, 607.79, 9.7, 22:37:35, False
1739158655382, BNBUSDT, 607.8, 17.33, 22:37:35, False
1739158655382, BNBUSDT, 607.81, 6.96, 22:37:35, False
1739158655382, BNBUSDT, 607.82, 0.08, 22:37:35, False
1739158655382, BNBUSDT, 607.83, 2.14, 22:37:35, False
1739158655382, BNBUSDT, 607.84, 4.94, 22:37:35, False
1739158655395, BNBUSDT, 607.78, 0.53, 22:37:35, True
1739158655395, BNBUSDT, 607.76, 2.05, 22:37:35, True
1739158655395, BNBUSDT, 607.74, 0.32, 22:37:35, True
1739158655403, BNBUSDT, 607.7, 0.82, 22:37:35, True
1739158655507, BNBUSDT, 607.67, 0.39, 22:37:35, True
1739158655520, BNBUSDT, 607.67, 7.25, 22:37:35, False
1739158655520, BNBUSDT, 607.68, 15.62, 22:37:35, False
1739158655525, BNBUSDT, 607.66, 0.77, 22:37:35, True
1739158655906, BNBUSDT, 607.64, 5.26, 22:37:35, True
1739158656056, BNBUSDT, 607.6, 0.02, 22:37:36, True
1739158656061, BNBUSDT, 607.57, 0.04, 22:37:36, True
1739158656081, BNBUSDT, 607.54, 0.02, 22:37:36, True
1739158656493, BNBUSDT, 607.51, 1.04, 22:37:36, True
1739158656493, BNBUSDT, 607.5, 0.02, 22:37:36, True
1739158656493, BNBUSDT, 607.49, 0.01, 22:37:36, True
1739158656498, BNBUSDT, 607.48, 3.9, 22:37:36, True
1739158656529, BNBUSDT, 607.47, 0.03, 22:37:36, True
1739158656553, BNBUSDT, 607.46, 0.02, 22:37:36, True
1739158656553, BNBUSDT, 607.45, 0.07, 22:37:36, True
1739158656553, BNBUSDT, 607.43, 0.02, 22:37:36, True
1739158656553, BNBUSDT, 607.42, 3.3, 22:37:36, True
1739158656553, BNBUSDT, 607.41, 2.16, 22:37:36, True
1739158656553, BNBUSDT, 607.4, 0.02, 22:37:36, True
1739158656553, BNBUSDT, 607.39, 0.2, 22:37:36, True
1739158656553, BNBUSDT, 607.38, 0.14, 22:37:36, True
1739158656685, BNBUSDT, 607.38, 0.26, 22:37:36, True
1739158656769, BNBUSDT, 607.39, 3.83, 22:37:36, False
1739158656841, BNBUSDT, 607.43, 0.06, 22:37:36, False
1739158656940, BNBUSDT, 607.5, 0.08, 22:37:36, False
1739158657111, BNBUSDT, 607.57, 0.02, 22:37:37, False
1739158657470, BNBUSDT, 607.56, 0.35, 22:37:37, True
1739158657513, BNBUSDT, 607.55, 0.01, 22:37:37, True
1739158657518, BNBUSDT, 607.54, 1.41, 22:37:37, True
1739158657822, BNBUSDT, 607.49, 0.01, 22:37:37, True
1739158658121, BNBUSDT, 607.5, 23.33, 22:37:38, False
1739158658162, BNBUSDT, 607.56, 1.19, 22:37:38, True
1739158658422, BNBUSDT, 607.55, 0.12, 22:37:38, True
1739158658565, BNBUSDT, 607.48, 0.04, 22:37:38, True
1739158658565, BNBUSDT, 607.46, 0.79, 22:37:38, True
1739158658565, BNBUSDT, 607.45, 0.05, 22:37:38, True
1739158658565, BNBUSDT, 607.44, 0.82, 22:37:38, True
1739158658565, BNBUSDT, 607.42, 2.66, 22:37:38, True
1739158658565, BNBUSDT, 607.41, 3.77, 22:37:38, True
1739158658565, BNBUSDT, 607.4, 9.83, 22:37:38, True
1739158658623, BNBUSDT, 607.42, 0.03, 22:37:38, True
1739158658715, BNBUSDT, 607.43, 0.09, 22:37:38, False
1739158658776, BNBUSDT, 607.4, 0.02, 22:37:38, True
1739158658788, BNBUSDT, 607.39, 0.03, 22:37:38, True
1739158658922, BNBUSDT, 607.37, 0.09, 22:37:38, True
1739158658922, BNBUSDT, 607.36, 0.8, 22:37:38, True
1739158658922, BNBUSDT, 607.35, 0.01, 22:37:38, True
1739158658922, BNBUSDT, 607.34, 0.39, 22:37:38, True
1739158659116, BNBUSDT, 607.35, 0.93, 22:37:39, False
1739158659116, BNBUSDT, 607.36, 0.78, 22:37:39, False
1739158659116, BNBUSDT, 607.38, 1.35, 22:37:39, False
1739158659303, BNBUSDT, 607.37, 0.27, 22:37:39, True
1739158659527, BNBUSDT, 607.38, 0.09, 22:37:39, False
1739159065428, BNBUSDT,658951195,609.33,30.61,1739159065272,True
1739159069198, BNBUSDT,658951239,609.29,48.61,1739159069177,False
1739159069635, BNBUSDT,658951255,609.57,50.13,1739159069622,False
1739159069636, BNBUSDT, 609.64, 0.04, 22:44:29, False
1739159069707, BNBUSDT, 609.64, 0.08, 22:44:29, True
1739159069790, BNBUSDT, 609.65, 0.74, 22:44:29, False
1739159070040, BNBUSDT, 609.65, 0.54, 22:44:30, False
1739159070145, BNBUSDT, 609.64, 10.56, 22:44:30, True
1739159070339, BNBUSDT, 609.64, 3.64, 22:44:30, True
1739159070340, BNBUSDT, 609.63, 2.23, 22:44:30, True
1739159070340, BNBUSDT, 609.62, 2.23, 22:44:30, True
1739159070340, BNBUSDT, 609.61, 2.42, 22:44:30, True
1739159070340, BNBUSDT, 609.6, 3.93, 22:44:30, True
1739159070341, BNBUSDT, 609.64, 0.51, 22:44:30, True
1739159070341, BNBUSDT, 609.6, 7.77, 22:44:30, True
1739159070341, BNBUSDT, 609.59, 2.8, 22:44:30, True
1739159070342, BNBUSDT, 609.58, 3.47, 22:44:30, True
1739159070342, BNBUSDT, 609.57, 7.71, 22:44:30, True
1739159070358, BNBUSDT,658951277,609.6,36.76,1739159070343,True
1739159070343, BNBUSDT, 609.6, 36.76, 22:44:30, True
1739159070354, BNBUSDT, 609.57, 0.17, 22:44:30, True
1739159070354, BNBUSDT, 609.56, 0.03, 22:44:30, True
1739159070354, BNBUSDT, 609.55, 1.31, 22:44:30, True
1739159070354, BNBUSDT, 609.54, 7.7, 22:44:30, True
1739159070355, BNBUSDT, 609.6, 10.02, 22:44:30, True
1739159070357, BNBUSDT, 609.58, 5.86, 22:44:30, True
1739159070590, BNBUSDT, 609.58, 0.17, 22:44:30, True
1739159070748, BNBUSDT, 609.58, 1.0, 22:44:30, True
1739159071080, BNBUSDT, 609.58, 0.16, 22:44:31, True
1739159071523, BNBUSDT, 609.59, 0.12, 22:44:31, False
1739159071909, BNBUSDT, 609.58, 10.9, 22:44:31, True
1739159072174, BNBUSDT, 609.56, 0.02, 22:44:32, True
1739159072231, BNBUSDT, 609.57, 0.03, 22:44:32, False
1739159072377, BNBUSDT, 609.56, 10.08, 22:44:32, True
1739159072377, BNBUSDT, 609.55, 4.51, 22:44:32, True
1739159072377, BNBUSDT, 609.54, 0.68, 22:44:32, True
1739159072377, BNBUSDT, 609.53, 0.04, 22:44:32, True
1739159072377, BNBUSDT, 609.52, 6.16, 22:44:32, True
1739159072381, BNBUSDT, 609.53, 2.95, 22:44:32, False
1739159072381, BNBUSDT, 609.54, 1.17, 22:44:32, False
1739159072381, BNBUSDT, 609.56, 2.2, 22:44:32, False
1739159072630, BNBUSDT, 609.57, 2.89, 22:44:32, False
1739159072630, BNBUSDT, 609.58, 10.62, 22:44:32, False
1739159072769, BNBUSDT, 609.58, 11.56, 22:44:32, False
1739159072772, BNBUSDT, 609.6, 0.02, 22:44:32, False
1739159072772, BNBUSDT, 609.61, 0.02, 22:44:32, False
1739159072850, BNBUSDT, 609.64, 0.02, 22:44:32, False
1739159073046, BNBUSDT, 609.63, 0.5, 22:44:33, True
1739159073058, BNBUSDT, 609.64, 1.57, 22:44:33, False
1739159073254, BNBUSDT, 609.64, 10.65, 22:44:33, False
1739159073259, BNBUSDT, 609.66, 0.67, 22:44:33, False
1739159073275, BNBUSDT, 609.67, 2.61, 22:44:33, False
1739159073310, BNBUSDT, 609.68, 0.01, 22:44:33, False
1739159073310, BNBUSDT, 609.7, 0.02, 22:44:33, False
1739159073468, BNBUSDT, 609.72, 0.06, 22:44:33, False
1739159073588, BNBUSDT, 609.72, 2.85, 22:44:33, False
1739159073639, BNBUSDT, 609.73, 1.0, 22:44:33, True
1739159073938, BNBUSDT, 609.74, 0.12, 22:44:33, False
1739159074238, BNBUSDT, 609.74, 0.02, 22:44:34, False
1739159074435, BNBUSDT, 609.74, 1.56, 22:44:34, False
1739159074502, BNBUSDT, 609.73, 4.09, 22:44:34, True
1739159074502, BNBUSDT, 609.72, 1.79, 22:44:34, True
1739159074502, BNBUSDT, 609.7, 1.13, 22:44:34, True
1739159074502, BNBUSDT, 609.69, 2.46, 22:44:34, True
1739159074502, BNBUSDT, 609.68, 4.53, 22:44:34, True
1739159074502, BNBUSDT, 609.74, 2.32, 22:44:34, False
1739159074658, BNBUSDT, 609.7, 0.86, 22:44:34, True
1739159074683, BNBUSDT, 609.69, 4.64, 22:44:34, False
1739159074685, BNBUSDT, 609.74, 0.13, 22:44:34, False
1739159074714, BNBUSDT, 609.76, 0.8, 22:44:34, False
1739159074761, BNBUSDT, 609.77, 0.06, 22:44:34, False
1739159074776, BNBUSDT, 609.78, 0.02, 22:44:34, False
1739159074820, BNBUSDT, 609.79, 5.0, 22:44:34, True
1739159074957, BNBUSDT, 609.79, 8.73, 22:44:34, True
1739159075106, BNBUSDT, 609.77, 0.13, 22:44:35, False
1739159075279, BNBUSDT, 609.76, 0.01, 22:44:35, True
1739159075574, BNBUSDT, 609.76, 0.34, 22:44:35, True
1739159075807, BNBUSDT, 609.77, 1.94, 22:44:35, False
1739159075956, BNBUSDT, 609.76, 13.06, 22:44:35, True
1739159075956, BNBUSDT, 609.75, 0.45, 22:44:35, True
1739159075956, BNBUSDT, 609.74, 4.37, 22:44:35, True
1739159075956, BNBUSDT, 609.73, 1.37, 22:44:35, True
1739159075956, BNBUSDT, 609.72, 8.58, 22:44:35, True
1739159075956, BNBUSDT, 609.71, 14.47, 22:44:35, True
1739159075956, BNBUSDT, 609.7, 8.34, 22:44:35, True
1739159075956, BNBUSDT, 609.69, 6.41, 22:44:35, True
1739159076051, BNBUSDT, 609.77, 2.79, 22:44:36, False
1739159076846, BNBUSDT, 609.76, 0.69, 22:44:36, True
1739159077033, BNBUSDT, 609.76, 1.27, 22:44:37, True
1739159077262, BNBUSDT, 609.76, 0.08, 22:44:37, True
1739159077268, BNBUSDT, 609.71, 1.43, 22:44:37, True
1739159077268, BNBUSDT, 609.7, 0.01, 22:44:37, True
1739159077271, BNBUSDT, 609.68, 0.03, 22:44:37, True
1739159077271, BNBUSDT, 609.67, 3.45, 22:44:37, True
1739159077462, BNBUSDT, 609.65, 0.02, 22:44:37, True
1739159077759, BNBUSDT, 609.64, 0.03, 22:44:37, True
1739159078138, BNBUSDT, 609.65, 13.04, 22:44:38, False
1739159078168, BNBUSDT, 609.65, 0.01, 22:44:38, True
1739159078579, BNBUSDT, 609.66, 0.93, 22:44:38, False
1739159078582, BNBUSDT, 609.68, 0.34, 22:44:38, False
1739159078596, BNBUSDT, 609.74, 0.02, 22:44:38, False
1739159078599, BNBUSDT, 609.75, 0.02, 22:44:38, False
1739159078611, BNBUSDT, 609.76, 0.07, 22:44:38, False
1739159079089, BNBUSDT, 609.77, 11.48, 22:44:39, False
1739159079107, BNBUSDT, 609.78, 0.02, 22:44:39, False
1739159079135, BNBUSDT, 609.8, 0.02, 22:44:39, False
1739159079135, BNBUSDT, 609.81, 0.02, 22:44:39, False
1739159079432, BNBUSDT, 609.81, 2.49, 22:44:39, True
1739159079433, BNBUSDT, 609.79, 10.02, 22:44:39, True
1739159079909, BNBUSDT, 609.74, 0.02, 22:44:39, True
1739159079909, BNBUSDT, 609.71, 0.07, 22:44:39, True
1739159079941, BNBUSDT, 609.7, 0.02, 22:44:39, True
1739159079950, BNBUSDT, 609.68, 0.01, 22:44:39, True
1739159080500, BNBUSDT, 609.68, 1.17, 22:44:40, True
1739159080677, BNBUSDT, 609.68, 0.01, 22:44:40, True
1739159080968, BNBUSDT, 609.69, 8.0, 22:44:40, False
1739159081260, BNBUSDT, 609.69, 0.07, 22:44:41, False
1739159081462, BNBUSDT, 609.72, 0.06, 22:44:41, False
1739159081762, BNBUSDT, 609.72, 7.29, 22:44:41, False
1739159082131, BNBUSDT, 609.72, 0.4, 22:44:42, False
1739159082140, BNBUSDT, 609.71, 0.01, 22:44:42, True
1739159082259, BNBUSDT, 609.71, 0.51, 22:44:42, True
1739159082396, BNBUSDT, 609.72, 8.18, 22:44:42, False
1739159082425, BNBUSDT, 609.76, 0.02, 22:44:42, False
1739159082519, BNBUSDT, 609.76, 2.73, 22:44:42, True
1739159082669, BNBUSDT, 609.73, 0.06, 22:44:42, False
1739159082719, BNBUSDT, 609.72, 1.0, 22:44:42, True
1739159082990, BNBUSDT, 609.71, 1.05, 22:44:42, True
1739159083082, BNBUSDT, 609.65, 0.2, 22:44:43, True
1739159083082, BNBUSDT, 609.64, 0.23, 22:44:43, True
1739159083288, BNBUSDT, 609.64, 0.51, 22:44:43, True
1739159083290, BNBUSDT, 609.62, 0.02, 22:44:43, True
1739159083530, BNBUSDT, 609.63, 0.12, 22:44:43, False
1739159083654, BNBUSDT, 609.62, 0.01, 22:44:43, True
1739159083819, BNBUSDT, 609.62, 0.03, 22:44:43, True
1739159084208, BNBUSDT, 609.61, 0.17, 22:44:44, False
1739159084215, BNBUSDT, 609.6, 10.13, 22:44:44, True
1739159084320, BNBUSDT, 609.59, 0.03, 22:44:44, True
1739159084444, BNBUSDT, 609.58, 1.81, 22:44:44, False
1739159084521, BNBUSDT, 609.57, 0.03, 22:44:44, True
1739159084562, BNBUSDT, 609.57, 2.15, 22:44:44, False
1739159084669, BNBUSDT, 609.56, 0.03, 22:44:44, True
1739159084672, BNBUSDT, 609.55, 0.02, 22:44:44, True
1739159084672, BNBUSDT, 609.54, 0.02, 22:44:44, True
1739159084672, BNBUSDT, 609.53, 1.88, 22:44:44, True
1739159084695, BNBUSDT, 609.52, 1.79, 22:44:44, True
1739159084740, BNBUSDT, 609.51, 0.02, 22:44:44, True
1739159084740, BNBUSDT, 609.5, 1.04, 22:44:44, True
1739159084909, BNBUSDT, 609.51, 0.08, 22:44:44, False
1739159085610, BNBUSDT, 609.48, 0.08, 22:44:45, True
1739159085882, BNBUSDT, 609.48, 0.1, 22:44:45, True
1739159085882, BNBUSDT, 609.47, 0.02, 22:44:45, True
1739159085882, BNBUSDT, 609.45, 0.14, 22:44:45, True
1739159086151, BNBUSDT, 609.45, 3.79, 22:44:46, False
1739159086584, BNBUSDT, 609.44, 15.69, 22:44:46, True
1739159086588, BNBUSDT, 609.43, 0.11, 22:44:46, True
1739159086589, BNBUSDT, 609.42, 2.92, 22:44:46, True
1739159086589, BNBUSDT, 609.41, 23.33, 22:44:46, True
1739159086670, BNBUSDT, 609.4, 0.05, 22:44:46, True
1739159086751, BNBUSDT, 609.4, 0.11, 22:44:46, False
1739159087292, BNBUSDT, 609.39, 0.01, 22:44:47, True
1739159087292, BNBUSDT, 609.37, 5.77, 22:44:47, True
1739159087292, BNBUSDT, 609.36, 0.67, 22:44:47, True
1739159087292, BNBUSDT, 609.34, 0.01, 22:44:47, True
1739159087312, BNBUSDT, 609.37, 1.24, 22:44:47, False
1739159087312, BNBUSDT, 609.38, 0.42, 22:44:47, False
1739159087734, BNBUSDT, 609.37, 0.08, 22:44:47, True
1739159088301, BNBUSDT, 609.37, 0.03, 22:44:48, True
1739159088301, BNBUSDT, 609.34, 0.03, 22:44:48, True
1739159088301, BNBUSDT, 609.33, 2.58, 22:44:48, True
1739159088301, BNBUSDT, 609.32, 0.05, 22:44:48, True
1739159088301, BNBUSDT, 609.31, 0.19, 22:44:48, True
1739159088327, BNBUSDT, 609.33, 0.41, 22:44:48, True
1739159088381, BNBUSDT, 609.34, 0.02, 22:44:48, False
1739159088681, BNBUSDT, 609.33, 0.01, 22:44:48, True
1739159088894, BNBUSDT, 609.33, 0.07, 22:44:48, True
1739159090026, BNBUSDT, 609.33, 0.65, 22:44:50, True
1739159090026, BNBUSDT, 609.31, 0.01, 22:44:50, True
1739159090026, BNBUSDT, 609.29, 0.89, 22:44:50, True
1739159090026, BNBUSDT, 609.28, 1.85, 22:44:50, True
1739159090081, BNBUSDT, 609.29, 5.31, 22:44:50, False
1739159090157, BNBUSDT, 609.31, 6.61, 22:44:50, True
1739159090168, BNBUSDT, 609.32, 3.78, 22:44:50, False
1739159090256, BNBUSDT, 609.34, 5.86, 22:44:50, False
1739159090304, BNBUSDT, 609.35, 4.02, 22:44:50, False
1739159090309, BNBUSDT, 609.37, 0.05, 22:44:50, False
1739159090309, BNBUSDT, 609.38, 6.64, 22:44:50, False
1739159090377, BNBUSDT, 609.4, 0.03, 22:44:50, False
1739159090488, BNBUSDT, 609.43, 1.35, 22:44:50, False
1739159090488, BNBUSDT, 609.44, 0.03, 22:44:50, False
1739159090488, BNBUSDT, 609.45, 3.76, 22:44:50, False
1739159090488, BNBUSDT, 609.48, 1.31, 22:44:50, False
1739159090488, BNBUSDT, 609.49, 0.03, 22:44:50, False
1739159090488, BNBUSDT, 609.5, 0.02, 22:44:50, False
1739159090488, BNBUSDT, 609.51, 0.09, 22:44:50, False
1739159090488, BNBUSDT, 609.52, 0.01, 22:44:50, False
1739159090496, BNBUSDT, 609.53, 0.02, 22:44:50, False
1739159090587, BNBUSDT, 609.54, 0.02, 22:44:50, False
1739159090630, BNBUSDT, 609.57, 0.04, 22:44:50, False
1739159090635, BNBUSDT, 609.59, 0.02, 22:44:50, False
1739159090659, BNBUSDT, 609.6, 0.02, 22:44:50, False
1739159090659, BNBUSDT, 609.61, 0.01, 22:44:50, False
1739159090822, BNBUSDT, 609.61, 0.03, 22:44:50, False
1739159091036, BNBUSDT, 609.61, 1.04, 22:44:51, False
1739159091036, BNBUSDT, 609.63, 2.06, 22:44:51, False
1739159091350, BNBUSDT, 609.64, 0.04, 22:44:51, False
1739159091532, BNBUSDT, 609.63, 1.94, 22:44:51, True
1739159091692, BNBUSDT, 609.61, 0.01, 22:44:51, False
1739159091701, BNBUSDT, 609.6, 0.16, 22:44:51, True
1739159091892, BNBUSDT, 609.61, 0.01, 22:44:51, False
1739159091995, BNBUSDT, 609.6, 0.21, 22:44:51, True
1739159091995, BNBUSDT, 609.58, 0.45, 22:44:51, True
1739159091995, BNBUSDT, 609.56, 0.02, 22:44:51, True
1739159092025, BNBUSDT, 609.52, 0.02, 22:44:52, True
1739159092919, BNBUSDT, 609.52, 0.05, 22:44:52, True
1739159092919, BNBUSDT, 609.49, 0.02, 22:44:52, True
1739159092919, BNBUSDT, 609.48, 0.34, 22:44:52, True
1739159092930, BNBUSDT, 609.47, 10.02, 22:44:52, True
1739159093119, BNBUSDT, 609.46, 0.03, 22:44:53, True
1739159093485, BNBUSDT, 609.46, 0.09, 22:44:53, True
1739159093506, BNBUSDT, 609.44, 0.03, 22:44:53, True
