Event Time, Symbol, Aggregate Trade ID, Price, Quantity, First Trade ID, Trade Time, Is Buyer Maker
1739158327732, BTCUSDT,2568326986,96573.7,0.305,1739158327687,False
1739158327881, BTCUSDT,2568326989,96572.1,0.186,1739158327813,False
1739158328315, BTCUSDT,2568326992,96572.1,2.535,1739158328281,False
1739158328726, BTCUSDT,2568326996,96572.1,0.669,1739158328572,False
1739158329037, BTCUSDT,2568326999,96572.0,0.702,1739158329003,True
1739158329195, BTCUSDT,2568327013,96566.6,5.415,1739158329180,False
1739158329383, BTCUSDT,2568327015,96566.5,0.913,1739158329381,True
1739158329511, BTCUSDT,2568327023,96564.0,0.157,1739158329470,False
1739158329807, BTCUSDT,2568327028,96563.9,2.667,1739158329758,True
1739158329994, BTCUSDT,2568327051,96556.6,0.247,1739158329953,True
1739158329995, BTCUSDT,2568327053,96556.1,0.379,1739158329991,True
1739158330454, BTCUSDT,2568327118,96535.9,0.19,1739158330422,False
1739158330458, BTCUSDT,2568327119,96535.8,0.568,1739158330452,True
1739158330473, BTCUSDT,2568327127,96532.5,0.299,1739158330457,True
1739158330819, BTCUSDT,2568327147,96527.8,0.276,1739158330728,True
1739158330893, BTCUSDT,2568327148,96527.9,3.514,1739158330815,False
1739158331129, BTCUSDT,2568327153,96530.7,1.254,1739158330974,True
1739158331910, BTCUSDT,2568327169,96535.1,0.516,1739158331825,True
1739158333007, BTCUSDT,2568327187,96535.1,1.405,1739158332886,True
1739158333323, BTCUSDT,2568327191,96535.2,1.404,1739158333318,False
1739158333386, BTCUSDT,2568327201,96540.0,0.194,1739158333382,False
1739158334449, BTCUSDT,2568327275,96530.8,0.469,1739158334295,True
1739158335017, BTCUSDT,2568327288,96527.8,0.348,1739158334952,True
1739158335211, BTCUSDT,2568327316,96520.2,0.207,1739158335207,True
1739158335334, BTCUSDT,2568327317,96520.1,0.165,1739158335207,True
1739158336307, BTCUSDT,2568327330,96520.2,2.523,1739158336291,False
1739158336921, BTCUSDT,2568327346,96526.7,1.696,1739158336839,True
1739158337426, BTCUSDT,2568327363,96518.4,0.418,1739158337333,True
1739158337734, BTCUSDT,2568327383,96514.4,0.308,1739158337714,True
1739158337736, BTCUSDT,2568327386,96513.3,0.164,1739158337730,True
1739158338127, BTCUSDT,2568327433,96498.7,0.375,1739158338013,True
1739158338204, BTCUSDT,2568327435,96498.7,0.413,1739158338125,True
1739158338327, BTCUSDT,2568327437,96498.5,0.496,1739158338213,True
1739158338395, BTCUSDT,2568327438,96498.5,1.554,1739158338324,True
1739158338777, BTCUSDT,2568327442,96498.5,0.337,1739158338700,True
1739158339049, BTCUSDT,2568327444,96498.5,0.363,1739158338948,True
1739158339353, BTCUSDT,2568327446,96498.6,0.5,1739158339199,False
1739158340629, BTCUSDT,2568327454,96498.5,0.348,1739158340513,True
1739158340795, BTCUSDT,2568327456,96498.5,0.199,1739158340640,True
1739158340945, BTCUSDT,2568327457,96498.5,0.463,1739158340879,True
1739158341315, BTCUSDT,2568327468,96492.0,0.179,1739158341161,True
1739158341816, BTCUSDT,2568327473,96492.1,0.583,1739158341808,False
1739158342179, BTCUSDT,2568327497,96502.9,0.257,1739158342100,True
1739158342439, BTCUSDT,2568327501,96502.9,0.409,1739158342340,True
1739158342517, BTCUSDT,2568327516,96492.0,0.167,1739158342510,True
1739158342517, BTCUSDT,2568327517,96492.1,0.341,1739158342513,False
1739158342753, BTCUSDT,2568327519,96492.0,1.267,1739158342648,True
1739158342753, BTCUSDT,2568327520,96492.0,0.225,1739158342750,True
1739158343692, BTCUSDT,2568327550,96486.1,0.352,1739158343644,False
1739158343896, BTCUSDT,2568327553,96486.0,0.587,1739158343890,True
1739158344094, BTCUSDT,2568327592,96474.1,0.377,1739158343944,True
1739158344094, BTCUSDT,2568327593,96474.1,0.446,1739158344090,True
1739158344624, BTCUSDT,2568327638,96462.0,0.221,1739158344521,True
1739158345590, BTCUSDT,2568327646,96460.6,0.235,1739158345536,True
1739158345862, BTCUSDT,2568327680,96451.1,2.251,1739158345857,False
1739158346653, BTCUSDT,2568327748,96442.0,0.246,1739158346608,True
1739158346830, BTCUSDT,2568327755,96441.5,6.938,1739158346807,False
1739158346945, BTCUSDT,2568327758,96442.5,0.631,1739158346939,False
1739158346946, BTCUSDT,2568327801,96455.8,0.214,1739158346939,False
1739158346946, BTCUSDT,2568327803,96456.0,0.723,1739158346939,False
1739158346946, BTCUSDT,2568327804,96456.1,0.157,1739158346939,False
1739158346946, BTCUSDT,2568327805,96456.7,0.209,1739158346939,False
1739158346946, BTCUSDT,2568327808,96457.0,0.622,1739158346939,False
1739158346955, BTCUSDT,2568327811,96457.5,0.343,1739158346939,False
1739158346991, BTCUSDT,2568327812,96453.6,0.319,1739158346949,False
1739158347828, BTCUSDT,2568327818,96453.5,0.205,1739158347673,True
1739158348095, BTCUSDT,2568327819,96453.5,0.312,1739158348062,True
1739158348095, BTCUSDT,2568327820,96453.6,1.909,1739158348093,False
1739158348096, BTCUSDT,2568327831,96458.8,0.647,1739158348093,False
1739158348096, BTCUSDT,2568327838,96460.6,0.645,1739158348093,False
1739158348096, BTCUSDT,2568327841,96461.1,0.31,1739158348093,False
1739158348096, BTCUSDT,2568327849,96461.9,0.524,1739158348093,False
1739158348229, BTCUSDT,2568327865,96464.8,0.503,1739158348123,True
1739158349269, BTCUSDT,2568327872,96464.9,3.861,1739158349181,False
1739158349960, BTCUSDT,2568327910,96480.6,3.089,1739158349875,True
1739158349969, BTCUSDT,2568327911,96480.7,1.944,1739158349956,False
1739158350440, BTCUSDT,2568327924,96485.1,1.152,1739158350411,False
1739158351044, BTCUSDT,2568327929,96486.0,4.893,1739158350936,True
1739158351149, BTCUSDT,2568327931,96486.1,0.681,1739158351048,False
1739158352507, BTCUSDT,2568327959,96495.8,0.697,1739158352501,False
1739158352513, BTCUSDT,2568327966,96500.0,0.377,1739158352510,False
1739158352956, BTCUSDT,2568327974,96502.9,0.32,1739158352803,True
1739158353674, BTCUSDT,2568327977,96502.9,0.248,1739158353518,True
1739158354446, BTCUSDT,2568327982,96503.0,0.736,1739158354291,False
1739158355239, BTCUSDT,2568327985,96503.0,0.177,1739158355084,False
1739158355294, BTCUSDT,2568327988,96502.9,4.989,1739158355288,True
1739158355369, BTCUSDT,2568327998,96497.9,5.451,1739158355348,False
1739158356086, BTCUSDT,2568328005,96497.9,0.241,1739158355931,False
1739158356275, BTCUSDT,2568328009,96497.9,0.34,1739158356221,False
1739158356639, BTCUSDT,2568328016,96503.0,0.278,1739158356602,False
1739158357049, BTCUSDT,2568328048,96513.0,0.21,1739158357041,False
1739158357137, BTCUSDT,2568328053,96514.4,0.404,1739158357130,False
1739158565314, BTCUSDT,2568342875,96968.4,0.44,1739158565277,True
1739158565954, BTCUSDT,2568342914,96955.8,1.488,1739158565878,False
1739158566400, BTCUSDT,2568342918,96955.8,0.515,1739158566362,False
1739158566208, BTCUSDT, 96955.8, 0.001, 22:36:06, False
1739158566362, BTCUSDT, 96955.8, 0.515, 22:36:06, False
1739158566396, BTCUSDT, 96955.7, 0.007, 22:36:06, True
1739158566428, BTCUSDT, 96955.8, 0.066, 22:36:06, False
1739158566583, BTCUSDT, 96955.7, 0.013, 22:36:06, True
1739158566700, BTCUSDT, 96955.8, 0.039, 22:36:06, False
1739158566946, BTCUSDT, 96955.8, 0.052, 22:36:06, False
1739158566950, BTCUSDT, 96955.7, 0.056, 22:36:06, True
1739158567046, BTCUSDT, 96955.8, 0.959, 22:36:07, False
1739158567120, BTCUSDT,2568342925,96955.8,0.959,1739158567046,False
1739158567115, BTCUSDT, 96955.9, 0.002, 22:36:07, False
1739158567115, BTCUSDT, 96956.3, 0.002, 22:36:07, False
1739158567115, BTCUSDT, 96957.5, 0.073, 22:36:07, False
1739158567115, BTCUSDT, 96957.8, 0.002, 22:36:07, False
1739158567115, BTCUSDT, 96958.1, 0.002, 22:36:07, False
1739158567115, BTCUSDT, 96959.0, 0.002, 22:36:07, False
1739158567115, BTCUSDT, 96959.9, 0.002, 22:36:07, False
1739158567115, BTCUSDT, 96960.0, 0.004, 22:36:07, False
1739158567115, BTCUSDT, 96960.3, 0.093, 22:36:07, False
1739158567115, BTCUSDT, 96961.0, 0.004, 22:36:07, False
1739158567115, BTCUSDT, 96961.2, 0.002, 22:36:07, False
1739158567115, BTCUSDT, 96961.4, 0.003, 22:36:07, False
1739158567115, BTCUSDT, 96961.5, 0.003, 22:36:07, False
1739158567115, BTCUSDT, 96961.7, 0.003, 22:36:07, False
1739158567115, BTCUSDT, 96962.0, 0.003, 22:36:07, False
1739158567115, BTCUSDT, 96962.1, 0.003, 22:36:07, False
1739158567115, BTCUSDT, 96962.2, 0.107, 22:36:07, False
1739158567120, BTCUSDT,2568342953,96965.5,1.353,1739158567115,False
1739158567115, BTCUSDT, 96962.4, 0.003, 22:36:07, False
1739158567115, BTCUSDT, 96962.7, 0.066, 22:36:07, False
1739158567120, BTCUSDT,2568342963,96967.6,0.208,1739158567115,False
1739158567115, BTCUSDT, 96962.9, 0.002, 22:36:07, False
1739158567120, BTCUSDT,2568342964,96967.7,0.622,1739158567115,False
1739158567115, BTCUSDT, 96963.7, 0.002, 22:36:07, False
1739158567115, BTCUSDT, 96963.9, 0.002, 22:36:07, False
1739158567115, BTCUSDT, 96964.1, 0.002, 22:36:07, False
1739158567115, BTCUSDT, 96964.5, 0.03, 22:36:07, False
1739158567115, BTCUSDT, 96964.9, 0.004, 22:36:07, False
1739158567115, BTCUSDT, 96965.3, 0.005, 22:36:07, False
1739158567120, BTCUSDT,2568342972,96969.6,0.175,1739158567115,False
1739158567115, BTCUSDT, 96965.4, 0.002, 22:36:07, False
1739158567120, BTCUSDT,2568342974,96970.2,0.206,1739158567115,False
1739158567115, BTCUSDT, 96965.5, 1.353, 22:36:07, False
1739158567120, BTCUSDT,2568342976,96970.7,0.159,1739158567115,False
1739158567115, BTCUSDT, 96965.7, 0.002, 22:36:07, False
1739158567120, BTCUSDT,2568342977,96970.8,0.195,1739158567115,False
1739158567115, BTCUSDT, 96965.8, 0.002, 22:36:07, False
1739158567115, BTCUSDT, 96965.9, 0.012, 22:36:07, False
1739158567120, BTCUSDT,2568342988,96973.6,0.18,1739158567115,False
1739158567115, BTCUSDT, 96966.0, 0.017, 22:36:07, False
1739158567120, BTCUSDT,2568342993,96974.6,0.623,1739158567115,False
1739158567115, BTCUSDT, 96966.1, 0.004, 22:36:07, False
1739158567115, BTCUSDT, 96966.6, 0.002, 22:36:07, False
1739158567120, BTCUSDT,2568342994,96974.7,0.877,1739158567115,False
1739158567115, BTCUSDT, 96967.0, 0.104, 22:36:07, False
1739158567120, BTCUSDT,2568342997,96975.1,0.261,1739158567115,False
1739158567115, BTCUSDT, 96967.2, 0.002, 22:36:07, False
1739158567115, BTCUSDT, 96967.5, 0.002, 22:36:07, False
1739158567120, BTCUSDT,2568343000,96975.5,0.275,1739158567115,False
1739158567115, BTCUSDT, 96967.6, 0.208, 22:36:07, False
1739158567115, BTCUSDT, 96967.7, 0.622, 22:36:07, False
1739158567115, BTCUSDT, 96967.8, 0.003, 22:36:07, False
1739158567115, BTCUSDT, 96967.9, 0.002, 22:36:07, False
1739158567121, BTCUSDT,2568343003,96975.9,0.288,1739158567115,False
1739158567115, BTCUSDT, 96968.0, 0.082, 22:36:07, False
1739158567121, BTCUSDT,2568343005,96976.1,0.374,1739158567115,False
1739158567115, BTCUSDT, 96968.5, 0.008, 22:36:07, False
1739158567121, BTCUSDT,2568343006,96976.3,0.209,1739158567115,False
1739158567115, BTCUSDT, 96968.7, 0.002, 22:36:07, False
1739158567115, BTCUSDT, 96968.8, 0.041, 22:36:07, False
1739158567121, BTCUSDT,2568343009,96977.0,0.593,1739158567115,False
1739158567121, BTCUSDT,2568343013,96977.5,0.233,1739158567115,False
1739158567121, BTCUSDT,2568343017,96978.0,0.632,1739158567116,False
1739158567121, BTCUSDT,2568343024,96978.7,0.626,1739158567116,False
1739158567121, BTCUSDT,2568343029,96979.4,1.112,1739158567116,False
1739158567121, BTCUSDT,2568343030,96979.5,1.05,1739158567116,False
1739158567115, BTCUSDT, 96969.3, 0.002, 22:36:07, False
1739158567115, BTCUSDT, 96969.6, 0.175, 22:36:07, False
1739158567115, BTCUSDT, 96969.7, 0.002, 22:36:07, False
1739158567115, BTCUSDT, 96970.2, 0.206, 22:36:07, False
1739158567121, BTCUSDT,2568343035,96980.0,0.37,1739158567116,False
1739158567115, BTCUSDT, 96970.4, 0.002, 22:36:07, False
1739158567115, BTCUSDT, 96970.7, 0.159, 22:36:07, False
1739158567121, BTCUSDT,2568343043,96981.0,0.339,1739158567116,False
1739158567115, BTCUSDT, 96970.8, 0.195, 22:36:07, False
1739158567121, BTCUSDT,2568343051,96982.1,0.755,1739158567116,False
1739158567115, BTCUSDT, 96971.0, 0.005, 22:36:07, False
1739158567121, BTCUSDT,2568343053,96982.5,0.232,1739158567116,False
1739158567115, BTCUSDT, 96971.4, 0.111, 22:36:07, False
1739158567121, BTCUSDT,2568343055,96982.8,0.702,1739158567116,False
1739158567115, BTCUSDT, 96971.6, 0.002, 22:36:07, False
1739158567121, BTCUSDT,2568343056,96983.0,0.675,1739158567116,False
1739158567115, BTCUSDT, 96972.0, 0.041, 22:36:07, False
1739158567115, BTCUSDT, 96972.3, 0.104, 22:36:07, False
1739158567121, BTCUSDT,2568343064,96984.0,0.62,1739158567116,False
1739158567115, BTCUSDT, 96972.6, 0.007, 22:36:07, False
1739158567121, BTCUSDT,2568343065,96984.1,0.208,1739158567116,False
1739158567115, BTCUSDT, 96973.2, 0.004, 22:36:07, False
1739158567115, BTCUSDT, 96973.4, 0.07, 22:36:07, False
1739158567122, BTCUSDT,2568343070,96984.7,1.135,1739158567116,False
1739158567115, BTCUSDT, 96973.5, 0.09, 22:36:07, False
1739158567115, BTCUSDT, 96973.6, 0.18, 22:36:07, False
1739158567169, BTCUSDT,2568343073,96985.0,0.249,1739158567116,False
1739158567169, BTCUSDT,2568343074,96974.5,0.215,1739158567164,False
1739158567115, BTCUSDT, 96973.8, 0.092, 22:36:07, False
1739158567115, BTCUSDT, 96973.9, 0.002, 22:36:07, False
1739158567115, BTCUSDT, 96974.3, 0.002, 22:36:07, False
1739158567115, BTCUSDT, 96974.4, 0.111, 22:36:07, False
1739158567115, BTCUSDT, 96974.6, 0.623, 22:36:07, False
1739158567115, BTCUSDT, 96974.7, 0.877, 22:36:07, False
1739158567115, BTCUSDT, 96974.8, 0.041, 22:36:07, False
1739158567115, BTCUSDT, 96975.0, 0.002, 22:36:07, False
1739158567115, BTCUSDT, 96975.1, 0.261, 22:36:07, False
1739158567115, BTCUSDT, 96975.2, 0.127, 22:36:07, False
1739158567115, BTCUSDT, 96975.3, 0.07, 22:36:07, False
1739158567115, BTCUSDT, 96975.5, 0.275, 22:36:07, False
1739158567115, BTCUSDT, 96975.6, 0.09, 22:36:07, False
1739158567115, BTCUSDT, 96975.8, 0.002, 22:36:07, False
1739158567115, BTCUSDT, 96975.9, 0.288, 22:36:07, False
1739158567115, BTCUSDT, 96976.0, 0.013, 22:36:07, False
1739158567115, BTCUSDT, 96976.1, 0.374, 22:36:07, False
1739158567115, BTCUSDT, 96976.3, 0.209, 22:36:07, False
1739158567115, BTCUSDT, 96976.6, 0.002, 22:36:07, False
1739158567115, BTCUSDT, 96976.9, 0.002, 22:36:07, False
1739158567115, BTCUSDT, 96977.0, 0.593, 22:36:07, False
1739158567115, BTCUSDT, 96977.2, 0.051, 22:36:07, False
1739158567115, BTCUSDT, 96977.3, 0.044, 22:36:07, False
1739158567115, BTCUSDT, 96977.4, 0.002, 22:36:07, False
1739158567115, BTCUSDT, 96977.5, 0.233, 22:36:07, False
1739158567115, BTCUSDT, 96977.6, 0.002, 22:36:07, False
1739158567115, BTCUSDT, 96977.8, 0.025, 22:36:07, False
1739158567116, BTCUSDT, 96977.9, 0.105, 22:36:07, False
1739158567116, BTCUSDT, 96978.0, 0.632, 22:36:07, False
1739158567116, BTCUSDT, 96978.1, 0.007, 22:36:07, False
1739158567116, BTCUSDT, 96978.2, 0.082, 22:36:07, False
1739158567116, BTCUSDT, 96978.3, 0.109, 22:36:07, False
1739158567116, BTCUSDT, 96978.4, 0.041, 22:36:07, False
1739158567116, BTCUSDT, 96978.5, 0.03, 22:36:07, False
1739158567116, BTCUSDT, 96978.6, 0.142, 22:36:07, False
1739158567116, BTCUSDT, 96978.7, 0.626, 22:36:07, False
1739158567116, BTCUSDT, 96978.8, 0.041, 22:36:07, False
1739158567116, BTCUSDT, 96978.9, 0.01, 22:36:07, False
1739158567116, BTCUSDT, 96979.0, 0.006, 22:36:07, False
1739158567116, BTCUSDT, 96979.3, 0.039, 22:36:07, False
1739158567116, BTCUSDT, 96979.4, 1.112, 22:36:07, False
1739158567116, BTCUSDT, 96979.5, 1.05, 22:36:07, False
1739158567116, BTCUSDT, 96979.6, 0.021, 22:36:07, False
1739158567116, BTCUSDT, 96979.7, 0.062, 22:36:07, False
1739158567116, BTCUSDT, 96979.8, 0.053, 22:36:07, False
1739158567116, BTCUSDT, 96979.9, 0.002, 22:36:07, False
1739158567116, BTCUSDT, 96980.0, 0.37, 22:36:07, False
1739158567116, BTCUSDT, 96980.1, 0.003, 22:36:07, False
1739158567116, BTCUSDT, 96980.2, 0.002, 22:36:07, False
1739158567116, BTCUSDT, 96980.3, 0.002, 22:36:07, False
1739158567116, BTCUSDT, 96980.5, 0.008, 22:36:07, False
1739158567116, BTCUSDT, 96980.6, 0.007, 22:36:07, False
1739158567116, BTCUSDT, 96980.7, 0.027, 22:36:07, False
1739158567116, BTCUSDT, 96980.8, 0.041, 22:36:07, False
1739158567116, BTCUSDT, 96981.0, 0.339, 22:36:07, False
1739158567116, BTCUSDT, 96981.2, 0.025, 22:36:07, False
1739158567116, BTCUSDT, 96981.3, 0.086, 22:36:07, False
1739158567116, BTCUSDT, 96981.5, 0.012, 22:36:07, False
1739158567116, BTCUSDT, 96981.6, 0.082, 22:36:07, False
1739158567116, BTCUSDT, 96981.7, 0.013, 22:36:07, False
1739158567116, BTCUSDT, 96981.8, 0.013, 22:36:07, False
1739158567116, BTCUSDT, 96982.0, 0.006, 22:36:07, False
1739158567116, BTCUSDT, 96982.1, 0.755, 22:36:07, False
1739158567116, BTCUSDT, 96982.2, 0.027, 22:36:07, False
1739158567116, BTCUSDT, 96982.5, 0.232, 22:36:07, False
1739158567116, BTCUSDT, 96982.6, 0.002, 22:36:07, False
1739158567116, BTCUSDT, 96982.8, 0.702, 22:36:07, False
1739158567116, BTCUSDT, 96983.0, 0.675, 22:36:07, False
1739158567116, BTCUSDT, 96983.1, 0.073, 22:36:07, False
1739158567116, BTCUSDT, 96983.2, 0.025, 22:36:07, False
1739158567116, BTCUSDT, 96983.3, 0.013, 22:36:07, False
1739158567116, BTCUSDT, 96983.5, 0.004, 22:36:07, False
1739158567116, BTCUSDT, 96983.6, 0.003, 22:36:07, False
1739158567116, BTCUSDT, 96983.7, 0.056, 22:36:07, False
1739158567116, BTCUSDT, 96983.9, 0.051, 22:36:07, False
1739158567116, BTCUSDT, 96984.0, 0.62, 22:36:07, False
1739158567116, BTCUSDT, 96984.1, 0.208, 22:36:07, False
1739158567116, BTCUSDT, 96984.2, 0.002, 22:36:07, False
1739158567116, BTCUSDT, 96984.3, 0.113, 22:36:07, False
1739158567116, BTCUSDT, 96984.5, 0.126, 22:36:07, False
1739158567116, BTCUSDT, 96984.6, 0.077, 22:36:07, False
1739158567116, BTCUSDT, 96984.7, 1.135, 22:36:07, False
1739158567116, BTCUSDT, 96984.8, 0.103, 22:36:07, False
1739158567116, BTCUSDT, 96984.9, 0.002, 22:36:07, False
1739158567116, BTCUSDT, 96985.0, 0.249, 22:36:07, False
1739158567164, BTCUSDT, 96974.5, 0.215, 22:36:07, False
1739158567164, BTCUSDT, 96974.6, 0.03, 22:36:07, False
1739158567164, BTCUSDT, 96974.9, 0.051, 22:36:07, False
1739158567295, BTCUSDT, 96975.1, 0.006, 22:36:07, False
1739158567305, BTCUSDT, 96975.0, 0.005, 22:36:07, True
1739158567431, BTCUSDT, 96975.0, 0.012, 22:36:07, True
1739158567451, BTCUSDT, 96975.1, 0.019, 22:36:07, False
1739158567453, BTCUSDT, 96975.0, 0.003, 22:36:07, True
1739158567455, BTCUSDT, 96975.1, 1.343, 22:36:07, False
1739158567477, BTCUSDT,2568343082,96975.1,1.343,1739158567455,False
1739158567475, BTCUSDT, 96977.1, 0.324, 22:36:07, True
1739158567534, BTCUSDT,2568343083,96977.1,0.324,1739158567475,True
1739158567530, BTCUSDT, 96977.2, 0.026, 22:36:07, False
1739158567531, BTCUSDT, 96977.1, 3.245, 22:36:07, True
1739158567652, BTCUSDT,2568343085,96977.1,3.245,1739158567531,True
1739158567652, BTCUSDT,2568343086,96977.1,0.994,1739158567648,True
1739158567648, BTCUSDT, 96977.1, 0.994, 22:36:07, True
1739158567648, BTCUSDT, 96976.6, 0.002, 22:36:07, True
1739158567648, BTCUSDT, 96976.4, 0.002, 22:36:07, True
1739158567648, BTCUSDT, 96975.9, 0.002, 22:36:07, True
1739158567666, BTCUSDT, 96975.8, 0.02, 22:36:07, True
1739158567716, BTCUSDT, 96975.9, 0.442, 22:36:07, False
1739158567812, BTCUSDT,2568343091,96975.9,0.442,1739158567716,False
1739158567809, BTCUSDT, 96975.8, 0.409, 22:36:07, True
1739158567929, BTCUSDT,2568343092,96975.8,0.409,1739158567809,True
1739158567925, BTCUSDT, 96975.8, 0.06, 22:36:07, True
1739158568006, BTCUSDT, 96975.9, 0.002, 22:36:08, False
1739158568039, BTCUSDT, 96975.8, 0.002, 22:36:08, True
1739158568091, BTCUSDT, 96975.9, 0.006, 22:36:08, False
1739158568115, BTCUSDT, 96975.8, 0.027, 22:36:08, True
1739158568149, BTCUSDT, 96975.9, 0.01, 22:36:08, False
1739158568229, BTCUSDT,2568343099,96975.8,0.191,1739158568167,True
1739158568167, BTCUSDT, 96975.8, 0.191, 22:36:08, True
1739158568302, BTCUSDT,2568343100,96975.9,0.516,1739158568225,False
1739158568225, BTCUSDT, 96975.9, 0.516, 22:36:08, False
1739158568298, BTCUSDT, 96975.8, 0.007, 22:36:08, True
1739158568355, BTCUSDT, 96975.9, 0.002, 22:36:08, False
1739158568370, BTCUSDT, 96975.8, 0.402, 22:36:08, True
1739158568525, BTCUSDT,2568343103,96975.8,0.402,1739158568370,True
1739158568535, BTCUSDT, 96975.8, 0.083, 22:36:08, True
1739158568591, BTCUSDT, 96975.9, 0.01, 22:36:08, False
1739158568628, BTCUSDT, 96975.8, 0.01, 22:36:08, True
1739158568634, BTCUSDT, 96975.9, 0.045, 22:36:08, False
1739158568680, BTCUSDT, 96975.8, 0.05, 22:36:08, True
1739158568728, BTCUSDT, 96975.9, 0.03, 22:36:08, False
1739158568767, BTCUSDT, 96975.8, 5.32, 22:36:08, True
1739158568776, BTCUSDT,2568343110,96975.8,5.32,1739158568767,True
1739158568771, BTCUSDT, 96975.7, 0.005, 22:36:08, True
1739158568771, BTCUSDT, 96974.9, 0.008, 22:36:08, True
1739158568771, BTCUSDT, 96974.4, 0.04, 22:36:08, True
1739158568783, BTCUSDT,2568343115,96973.3,0.25,1739158568776,True
1739158568776, BTCUSDT, 96973.9, 0.004, 22:36:08, True
1739158568776, BTCUSDT, 96973.3, 0.25, 22:36:08, True
1739158568777, BTCUSDT, 96973.2, 0.002, 22:36:08, True
1739158568810, BTCUSDT, 96971.7, 0.002, 22:36:08, True
1739158568810, BTCUSDT, 96971.1, 0.002, 22:36:08, True
1739158568810, BTCUSDT, 96970.8, 0.002, 22:36:08, True
1739158568810, BTCUSDT, 96969.8, 0.002, 22:36:08, True
1739158568820, BTCUSDT, 96968.9, 0.001, 22:36:08, False
1739158568831, BTCUSDT, 96968.8, 0.002, 22:36:08, True
1739158568831, BTCUSDT, 96968.7, 0.002, 22:36:08, True
1739158568842, BTCUSDT, 96967.9, 0.002, 22:36:08, True
1739158568842, BTCUSDT, 96967.3, 0.002, 22:36:08, True
1739158568842, BTCUSDT, 96966.9, 0.002, 22:36:08, True
1739158568842, BTCUSDT, 96966.0, 0.073, 22:36:08, True
1739158568880, BTCUSDT, 96966.1, 0.002, 22:36:08, False
1739158568880, BTCUSDT, 96966.0, 0.009, 22:36:08, True
1739158568902, BTCUSDT, 96966.1, 0.175, 22:36:08, False
1739158569056, BTCUSDT,2568343130,96966.1,0.175,1739158568902,False
1739158569117, BTCUSDT, 96966.1, 0.002, 22:36:09, False
1739158569224, BTCUSDT, 96966.1, 0.041, 22:36:09, False
1739158569506, BTCUSDT,2568343134,96966.1,0.705,1739158569501,False
1739158569390, BTCUSDT, 96966.1, 0.017, 22:36:09, False
1739158569501, BTCUSDT, 96966.1, 0.705, 22:36:09, False
1739158569501, BTCUSDT, 96966.8, 0.002, 22:36:09, False
1739158569501, BTCUSDT, 96966.9, 0.01, 22:36:09, False
1739158569501, BTCUSDT, 96968.9, 0.003, 22:36:09, False
1739158569501, BTCUSDT, 96969.0, 0.063, 22:36:09, False
1739158569501, BTCUSDT, 96970.3, 0.115, 22:36:09, False
1739158569501, BTCUSDT, 96970.4, 0.002, 22:36:09, False
1739158569501, BTCUSDT, 96970.5, 0.202, 22:36:09, False
1739158569618, BTCUSDT,2568343141,96970.5,0.202,1739158569501,False
1739158569615, BTCUSDT, 96970.5, 0.098, 22:36:09, False
1739158569615, BTCUSDT, 96971.2, 0.039, 22:36:09, False
1739158569615, BTCUSDT, 96971.4, 0.03, 22:36:09, False
1739158569615, BTCUSDT, 96971.6, 0.002, 22:36:09, False
1739158569615, BTCUSDT, 96972.6, 0.002, 22:36:09, False
1739158569615, BTCUSDT, 96972.7, 0.091, 22:36:09, False
1739158569615, BTCUSDT, 96974.4, 0.303, 22:36:09, False
1739158569633, BTCUSDT,2568343148,96974.4,0.303,1739158569615,False
1739158569629, BTCUSDT, 96974.6, 0.002, 22:36:09, False
1739158569629, BTCUSDT, 96975.1, 0.002, 22:36:09, False
1739158569633, BTCUSDT,2568343151,96975.3,0.209,1739158569629,False
1739158569629, BTCUSDT, 96975.3, 0.209, 22:36:09, False
1739158569629, BTCUSDT, 96975.5, 0.002, 22:36:09, False
1739158569629, BTCUSDT, 96975.9, 0.03, 22:36:09, False
1739158569629, BTCUSDT, 96976.0, 0.057, 22:36:09, False
1739158569636, BTCUSDT, 96975.2, 0.002, 22:36:09, True
1739158569642, BTCUSDT, 96975.8, 0.119, 22:36:09, True
1739158569654, BTCUSDT, 96975.9, 0.079, 22:36:09, True
1739158569712, BTCUSDT, 96976.0, 0.283, 22:36:09, False
1739158569785, BTCUSDT,2568343158,96976.0,0.283,1739158569712,False
1739158569776, BTCUSDT, 96975.9, 0.07, 22:36:09, True
1739158569997, BTCUSDT, 96976.0, 0.025, 22:36:09, False
1739158570020, BTCUSDT, 96975.9, 0.388, 22:36:10, True
1739158570072, BTCUSDT,2568343161,96975.9,0.388,1739158570020,True
1739158570069, BTCUSDT, 96976.0, 0.002, 22:36:10, False
1739158570221, BTCUSDT, 96975.9, 0.248, 22:36:10, True
1739158570226, BTCUSDT,2568343163,96975.9,0.248,1739158570221,True
1739158570223, BTCUSDT, 96974.9, 0.126, 22:36:10, True
1739158570236, BTCUSDT, 96972.7, 0.002, 22:36:10, True
1739158570236, BTCUSDT, 96971.9, 0.002, 22:36:10, True
1739158570236, BTCUSDT, 96971.7, 0.002, 22:36:10, True
1739158570250, BTCUSDT,2568343172,96968.6,0.639,1739158570247,True
1739158570243, BTCUSDT, 96969.8, 0.002, 22:36:10, True
1739158570247, BTCUSDT, 96968.9, 0.033, 22:36:10, True
1739158570247, BTCUSDT, 96968.8, 0.002, 22:36:10, True
1739158570247, BTCUSDT, 96968.7, 0.002, 22:36:10, True
1739158570247, BTCUSDT, 96968.6, 0.639, 22:36:10, True
1739158570247, BTCUSDT, 96967.9, 0.002, 22:36:10, True
1739158570247, BTCUSDT, 96967.0, 0.002, 22:36:10, True
1739158570352, BTCUSDT,2568343175,96966.9,0.196,1739158570247,True
1739158570352, BTCUSDT,2568343176,96966.9,0.607,1739158570349,True
1739158570247, BTCUSDT, 96966.9, 0.196, 22:36:10, True
1739158570352, BTCUSDT,2568343178,96966.0,0.253,1739158570349,True
1739158570349, BTCUSDT, 96966.7, 0.002, 22:36:10, True
1739158570349, BTCUSDT, 96966.0, 0.253, 22:36:10, True
1739158570349, BTCUSDT, 96965.9, 0.002, 22:36:10, True
1739158570349, BTCUSDT, 96965.7, 0.002, 22:36:10, True
1739158570349, BTCUSDT, 96965.0, 0.002, 22:36:10, True
1739158570353, BTCUSDT, 96964.1, 0.002, 22:36:10, True
1739158570353, BTCUSDT, 96964.0, 0.002, 22:36:10, True
1739158570354, BTCUSDT, 96963.0, 0.002, 22:36:10, True
1739158570354, BTCUSDT, 96962.1, 0.002, 22:36:10, True
1739158570355, BTCUSDT, 96961.6, 0.002, 22:36:10, True
1739158570432, BTCUSDT,2568343187,96961.5,0.827,1739158570355,True
1739158570355, BTCUSDT, 96961.5, 0.827, 22:36:10, True
1739158570429, BTCUSDT, 96961.3, 0.002, 22:36:10, True
1739158570429, BTCUSDT, 96961.0, 0.01, 22:36:10, True
1739158570435, BTCUSDT, 96960.8, 0.002, 22:36:10, True
1739158570435, BTCUSDT, 96960.1, 0.002, 22:36:10, True
1739158570449, BTCUSDT, 96960.0, 0.027, 22:36:10, True
1739158570450, BTCUSDT, 96959.9, 0.002, 22:36:10, True
1739158570460, BTCUSDT, 96959.1, 0.002, 22:36:10, True
1739158570460, BTCUSDT, 96958.2, 0.002, 22:36:10, True
1739158570460, BTCUSDT, 96957.5, 0.003, 22:36:10, True
1739158570460, BTCUSDT, 96957.2, 0.002, 22:36:10, True
1739158570460, BTCUSDT, 96957.1, 0.005, 22:36:10, True
1739158570460, BTCUSDT, 96956.2, 0.002, 22:36:10, True
1739158570460, BTCUSDT, 96955.7, 0.008, 22:36:10, True
1739158570460, BTCUSDT, 96955.3, 0.002, 22:36:10, True
1739158570460, BTCUSDT, 96954.3, 0.002, 22:36:10, True
1739158570460, BTCUSDT, 96953.9, 0.003, 22:36:10, True
1739158570460, BTCUSDT, 96953.6, 0.006, 22:36:10, True
1739158570461, BTCUSDT, 96954.5, 0.1, 22:36:10, False
1739158570503, BTCUSDT, 96953.6, 0.002, 22:36:10, True
1739158570505, BTCUSDT, 96953.7, 0.269, 22:36:10, False
1739158570611, BTCUSDT,2568343207,96953.7,0.269,1739158570505,False
1739158570608, BTCUSDT, 96953.6, 0.005, 22:36:10, True
1739158570615, BTCUSDT, 96953.7, 1.21, 22:36:10, False
1739158570636, BTCUSDT,2568343209,96953.7,1.21,1739158570615,False
1739158570633, BTCUSDT, 96953.6, 0.262, 22:36:10, True
1739158570711, BTCUSDT,2568343210,96953.6,0.262,1739158570633,True
1739158570707, BTCUSDT, 96953.7, 0.005, 22:36:10, False
1739158570877, BTCUSDT, 96953.6, 0.153, 22:36:10, True
1739158570890, BTCUSDT,2568343213,96953.7,1.789,1739158570886,False
1739158570886, BTCUSDT, 96954.0, 0.002, 22:36:10, False
1739158570891, BTCUSDT,2568343229,96960.0,0.626,1739158570886,False
1739158570886, BTCUSDT, 96954.2, 0.002, 22:36:10, False
1739158570891, BTCUSDT,2568343230,96960.1,0.241,1739158570886,False
1739158570886, BTCUSDT, 96954.7, 0.104, 22:36:10, False
1739158570891, BTCUSDT,2568343231,96960.2,0.824,1739158570886,False
1739158570886, BTCUSDT, 96955.7, 0.002, 22:36:10, False
1739158570886, BTCUSDT, 96956.1, 0.002, 22:36:10, False
1739158570886, BTCUSDT, 96956.7, 0.002, 22:36:10, False
1739158570886, BTCUSDT, 96957.1, 0.002, 22:36:10, False
1739158570886, BTCUSDT, 96958.1, 0.002, 22:36:10, False
1739158570886, BTCUSDT, 96959.0, 0.002, 22:36:10, False
1739158570886, BTCUSDT, 96959.1, 0.002, 22:36:10, False
1739158570886, BTCUSDT, 96959.2, 0.113, 22:36:10, False
1739158570886, BTCUSDT, 96959.4, 0.104, 22:36:10, False
1739158570886, BTCUSDT, 96959.6, 0.041, 22:36:10, False
1739158570886, BTCUSDT, 96959.9, 0.001, 22:36:10, False
1739158570886, BTCUSDT, 96960.0, 0.626, 22:36:10, False
1739158570886, BTCUSDT, 96960.1, 0.241, 22:36:10, False
1739158570886, BTCUSDT, 96960.2, 0.824, 22:36:10, False
1739158570886, BTCUSDT, 96960.7, 0.002, 22:36:10, False
1739158570886, BTCUSDT, 96960.8, 0.002, 22:36:10, False
1739158570886, BTCUSDT, 96961.0, 0.002, 22:36:10, False
1739158570886, BTCUSDT, 96961.2, 1.204, 22:36:10, False
1739158570917, BTCUSDT,2568343235,96961.2,1.204,1739158570886,False
1739158570913, BTCUSDT, 96961.3, 0.002, 22:36:10, False
1739158570913, BTCUSDT, 96961.5, 0.002, 22:36:10, False
1739158570913, BTCUSDT, 96961.6, 0.061, 22:36:10, False
1739158570913, BTCUSDT, 96961.7, 0.002, 22:36:10, False
1739158570913, BTCUSDT, 96962.0, 0.002, 22:36:10, False
1739158570913, BTCUSDT, 96962.9, 0.002, 22:36:10, False
1739158570913, BTCUSDT, 96963.9, 0.053, 22:36:10, False
1739158570913, BTCUSDT, 96964.1, 0.002, 22:36:10, False
1739158570913, BTCUSDT, 96964.6, 0.041, 22:36:10, False
1739158570917, BTCUSDT,2568343253,96966.8,0.211,1739158570913,False
1739158570913, BTCUSDT, 96964.9, 0.002, 22:36:10, False
1739158570924, BTCUSDT,2568343254,96966.9,0.406,1739158570913,False
1739158570913, BTCUSDT, 96965.6, 0.041, 22:36:10, False
1739158570913, BTCUSDT, 96965.7, 0.002, 22:36:10, False
1739158570913, BTCUSDT, 96965.8, 0.002, 22:36:10, False
1739158570913, BTCUSDT, 96965.9, 0.021, 22:36:10, False
1739158570913, BTCUSDT, 96966.0, 0.041, 22:36:10, False
1739158570913, BTCUSDT, 96966.1, 0.025, 22:36:10, False
1739158570913, BTCUSDT, 96966.5, 0.003, 22:36:10, False
1739158570913, BTCUSDT, 96966.8, 0.211, 22:36:10, False
1739158570913, BTCUSDT, 96966.9, 0.406, 22:36:10, False
1739158570920, BTCUSDT, 96967.0, 0.005, 22:36:10, False
1739158570960, BTCUSDT,2568343256,96966.9,0.655,1739158570946,True
1739158570946, BTCUSDT, 96966.9, 0.655, 22:36:10, True
1739158570957, BTCUSDT, 96966.8, 0.058, 22:36:10, True
1739158570959, BTCUSDT, 96966.0, 0.002, 22:36:10, True
1739158570959, BTCUSDT, 96965.9, 0.002, 22:36:10, True
1739158570959, BTCUSDT, 96965.6, 0.002, 22:36:10, True
1739158570959, BTCUSDT, 96964.1, 0.002, 22:36:10, True
1739158570963, BTCUSDT, 96963.9, 0.002, 22:36:10, True
1739158570963, BTCUSDT, 96963.5, 0.002, 22:36:10, True
1739158570963, BTCUSDT, 96962.9, 0.002, 22:36:10, True
1739158570963, BTCUSDT, 96962.7, 0.002, 22:36:10, True
1739158570963, BTCUSDT, 96962.5, 0.002, 22:36:10, True
1739158570987, BTCUSDT, 96961.4, 1.772, 22:36:10, False
1739158571007, BTCUSDT,2568343267,96961.4,1.772,1739158570987,False
1739158571056, BTCUSDT,2568343268,96961.3,0.262,1739158571002,True
1739158571002, BTCUSDT, 96961.3, 0.262, 22:36:11, True
1739158571050, BTCUSDT, 96960.0, 0.004, 22:36:11, True
1739158571050, BTCUSDT, 96959.3, 0.002, 22:36:11, True
1739158571076, BTCUSDT, 96957.2, 0.002, 22:36:11, True
1739158571076, BTCUSDT, 96956.3, 0.002, 22:36:11, True
1739158571096, BTCUSDT,2568343279,96953.7,0.156,1739158571094,True
1739158571094, BTCUSDT, 96956.2, 0.002, 22:36:11, True
1739158571094, BTCUSDT, 96955.4, 0.002, 22:36:11, True
1739158571094, BTCUSDT, 96955.0, 0.002, 22:36:11, True
1739158571094, BTCUSDT, 96954.9, 0.003, 22:36:11, True
1739158571094, BTCUSDT, 96954.0, 0.002, 22:36:11, True
1739158571094, BTCUSDT, 96953.8, 0.002, 22:36:11, True
1739158571094, BTCUSDT, 96953.7, 0.156, 22:36:11, True
1739158571094, BTCUSDT, 96953.6, 0.007, 22:36:11, True
1739158571126, BTCUSDT, 96953.1, 0.002, 22:36:11, True
1739158571126, BTCUSDT, 96952.5, 0.002, 22:36:11, True
1739158571126, BTCUSDT, 96952.4, 0.002, 22:36:11, True
1739158571126, BTCUSDT, 96951.8, 0.005, 22:36:11, True
1739158571126, BTCUSDT, 96951.5, 0.005, 22:36:11, True
1739158571126, BTCUSDT, 96951.4, 0.002, 22:36:11, True
1739158571126, BTCUSDT, 96951.3, 0.002, 22:36:11, True
1739158571126, BTCUSDT, 96950.4, 0.002, 22:36:11, True
1739158571144, BTCUSDT, 96950.2, 0.002, 22:36:11, True
1739158571155, BTCUSDT, 96949.8, 0.002, 22:36:11, True
1739158571172, BTCUSDT, 96949.5, 0.004, 22:36:11, True
1739158571184, BTCUSDT,2568343305,96945.5,0.191,1739158571181,True
1739158571181, BTCUSDT, 96949.2, 0.002, 22:36:11, True
1739158571181, BTCUSDT, 96948.7, 0.003, 22:36:11, True
1739158571181, BTCUSDT, 96948.5, 0.028, 22:36:11, True
1739158571181, BTCUSDT, 96948.2, 0.002, 22:36:11, True
1739158571181, BTCUSDT, 96948.1, 0.002, 22:36:11, True
1739158571181, BTCUSDT, 96948.0, 0.031, 22:36:11, True
1739158571181, BTCUSDT, 96947.5, 0.004, 22:36:11, True
1739158571181, BTCUSDT, 96947.3, 0.002, 22:36:11, True
1739158571181, BTCUSDT, 96946.4, 0.041, 22:36:11, True
1739158571181, BTCUSDT, 96946.3, 0.002, 22:36:11, True
1739158571181, BTCUSDT, 96946.0, 0.029, 22:36:11, True
1739158571181, BTCUSDT, 96945.9, 0.002, 22:36:11, True
1739158571181, BTCUSDT, 96945.7, 0.003, 22:36:11, True
1739158571181, BTCUSDT, 96945.5, 0.191, 22:36:11, True
1739158571181, BTCUSDT, 96945.2, 0.002, 22:36:11, True
1739158571181, BTCUSDT, 96945.1, 0.303, 22:36:11, True
1739158571290, BTCUSDT,2568343307,96945.1,0.303,1739158571181,True
1739158571286, BTCUSDT, 96945.2, 1.335, 22:36:11, False
1739158571418, BTCUSDT,2568343308,96945.2,1.335,1739158571286,False
1739158571415, BTCUSDT, 96945.1, 0.19, 22:36:11, True
1739158571569, BTCUSDT,2568343309,96945.1,0.19,1739158571415,True
1739158571571, BTCUSDT, 96945.1, 0.107, 22:36:11, True
1739158571595, BTCUSDT, 96945.2, 0.005, 22:36:11, False
1739158571670, BTCUSDT, 96945.1, 0.006, 22:36:11, True
1739158571713, BTCUSDT, 96945.2, 0.78, 22:36:11, False
1739158571762, BTCUSDT,2568343313,96945.2,0.78,1739158571713,False
1739158571758, BTCUSDT, 96948.0, 0.002, 22:36:11, False
1739158571763, BTCUSDT, 96953.3, 0.619, 22:36:11, False
1739158571796, BTCUSDT,2568343315,96953.3,0.619,1739158571763,False
1739158571792, BTCUSDT, 96953.7, 0.002, 22:36:11, False
1739158571792, BTCUSDT, 96954.0, 0.002, 22:36:11, False
1739158571792, BTCUSDT, 96954.2, 0.002, 22:36:11, False
1739158571796, BTCUSDT,2568343343,96960.5,0.262,1739158571792,False
1739158571792, BTCUSDT, 96954.9, 0.03, 22:36:11, False
1739158571792, BTCUSDT, 96955.1, 0.002, 22:36:11, False
1739158571792, BTCUSDT, 96955.2, 0.002, 22:36:11, False
1739158571792, BTCUSDT, 96955.3, 0.002, 22:36:11, False
1739158571792, BTCUSDT, 96955.8, 0.002, 22:36:11, False
1739158571792, BTCUSDT, 96956.0, 0.031, 22:36:11, False
1739158571797, BTCUSDT,2568343354,96964.4,0.157,1739158571792,False
1739158571792, BTCUSDT, 96956.1, 0.002, 22:36:11, False
1739158571797, BTCUSDT,2568343360,96965.9,0.273,1739158571792,False
1739158571792, BTCUSDT, 96956.2, 0.075, 22:36:11, False
1739158571792, BTCUSDT, 96956.3, 0.103, 22:36:11, False
1739158571797, BTCUSDT,2568343364,96967.7,0.208,1739158571792,False
1739158571792, BTCUSDT, 96956.9, 0.002, 22:36:11, False
1739158571797, BTCUSDT,2568343365,96967.8,0.199,1739158571792,False
1739158571792, BTCUSDT, 96957.1, 0.002, 22:36:11, False
1739158571792, BTCUSDT, 96957.2, 0.002, 22:36:11, False
1739158571797, BTCUSDT,2568343372,96969.1,0.62,1739158571792,False
1739158571792, BTCUSDT, 96957.6, 0.003, 22:36:11, False
1739158571798, BTCUSDT,2568343374,96969.4,0.303,1739158571792,False
1739158571792, BTCUSDT, 96957.8, 0.004, 22:36:11, False
1739158571792, BTCUSDT, 96958.0, 0.031, 22:36:11, False
1739158571792, BTCUSDT, 96958.1, 0.002, 22:36:11, False
1739158571792, BTCUSDT, 96958.6, 0.004, 22:36:11, False
1739158571798, BTCUSDT,2568343380,96970.7,0.206,1739158571792,False
1739158571792, BTCUSDT, 96959.3, 0.106, 22:36:11, False
1739158571798, BTCUSDT,2568343381,96970.8,0.532,1739158571792,False
1739158571792, BTCUSDT, 96959.4, 0.03, 22:36:11, False
1739158571798, BTCUSDT,2568343386,96972.3,0.173,1739158571792,False
1739158571792, BTCUSDT, 96959.6, 0.008, 22:36:11, False
1739158571792, BTCUSDT, 96959.7, 0.002, 22:36:11, False
1739158571798, BTCUSDT,2568343388,96972.6,0.165,1739158571792,False
1739158571792, BTCUSDT, 96959.8, 0.003, 22:36:11, False
1739158571798, BTCUSDT,2568343389,96972.7,0.18,1739158571792,False
1739158571792, BTCUSDT, 96960.0, 0.006, 22:36:11, False
1739158571792, BTCUSDT, 96960.5, 0.262, 22:36:11, False
1739158571798, BTCUSDT,2568343390,96972.8,0.747,1739158571792,False
1739158571792, BTCUSDT, 96960.8, 0.005, 22:36:11, False
1739158571798, BTCUSDT,2568343398,96974.3,0.862,1739158571792,False
1739158571792, BTCUSDT, 96960.9, 0.087, 22:36:11, False
1739158571792, BTCUSDT, 96961.2, 0.002, 22:36:11, False
1739158571792, BTCUSDT, 96961.4, 0.009, 22:36:11, False
1739158571792, BTCUSDT, 96961.6, 0.041, 22:36:11, False
1739158571792, BTCUSDT, 96962.3, 0.003, 22:36:11, False
1739158571792, BTCUSDT, 96962.4, 0.041, 22:36:11, False
1739158571792, BTCUSDT, 96962.8, 0.005, 22:36:11, False
1739158571792, BTCUSDT, 96963.9, 0.002, 22:36:11, False
1739158571792, BTCUSDT, 96964.0, 0.104, 22:36:11, False
1739158571792, BTCUSDT, 96964.4, 0.157, 22:36:11, False
1739158571792, BTCUSDT, 96964.6, 0.043, 22:36:11, False
1739158571792, BTCUSDT, 96965.2, 0.002, 22:36:11, False
1739158571792, BTCUSDT, 96965.3, 0.003, 22:36:11, False
1739158571792, BTCUSDT, 96965.6, 0.041, 22:36:11, False
1739158571792, BTCUSDT, 96965.7, 0.002, 22:36:11, False
1739158571792, BTCUSDT, 96965.9, 0.273, 22:36:11, False
1739158571792, BTCUSDT, 96966.0, 0.041, 22:36:11, False
1739158571792, BTCUSDT, 96966.8, 0.025, 22:36:11, False
1739158571792, BTCUSDT, 96967.0, 0.022, 22:36:11, False
1739158571792, BTCUSDT, 96967.7, 0.208, 22:36:11, False
1739158571792, BTCUSDT, 96967.8, 0.199, 22:36:11, False
1739158571792, BTCUSDT, 96967.9, 0.002, 22:36:11, False
1739158571792, BTCUSDT, 96968.0, 0.082, 22:36:11, False
1739158571792, BTCUSDT, 96968.2, 0.058, 22:36:11, False
1739158571792, BTCUSDT, 96968.6, 0.091, 22:36:11, False
1739158571792, BTCUSDT, 96968.8, 0.041, 22:36:11, False
1739158571792, BTCUSDT, 96969.0, 0.104, 22:36:11, False
1739158571792, BTCUSDT, 96969.1, 0.62, 22:36:11, False
1739158571792, BTCUSDT, 96969.3, 0.056, 22:36:11, False
1739158571792, BTCUSDT, 96969.4, 0.303, 22:36:11, False
1739158571792, BTCUSDT, 96969.6, 0.025, 22:36:11, False
1739158571792, BTCUSDT, 96969.8, 0.004, 22:36:11, False
1739158571792, BTCUSDT, 96969.9, 0.051, 22:36:11, False
1739158571792, BTCUSDT, 96970.4, 0.002, 22:36:11, False
1739158571792, BTCUSDT, 96970.5, 0.003, 22:36:11, False
1739158571792, BTCUSDT, 96970.7, 0.206, 22:36:11, False
1739158571792, BTCUSDT, 96970.8, 0.532, 22:36:11, False
1739158571792, BTCUSDT, 96970.9, 0.002, 22:36:11, False
1739158571792, BTCUSDT, 96971.3, 0.002, 22:36:11, False
1739158571792, BTCUSDT, 96971.4, 0.041, 22:36:11, False
1739158571792, BTCUSDT, 96972.0, 0.047, 22:36:11, False
1739158571792, BTCUSDT, 96972.3, 0.173, 22:36:11, False
1739158571792, BTCUSDT, 96972.4, 0.041, 22:36:11, False
1739158571792, BTCUSDT, 96972.6, 0.165, 22:36:11, False
1739158571792, BTCUSDT, 96972.7, 0.18, 22:36:11, False
1739158571792, BTCUSDT, 96972.8, 0.747, 22:36:11, False
1739158571792, BTCUSDT, 96972.9, 0.002, 22:36:11, False
1739158571792, BTCUSDT, 96973.0, 0.042, 22:36:11, False
1739158571792, BTCUSDT, 96973.2, 0.004, 22:36:11, False
1739158571792, BTCUSDT, 96973.4, 0.002, 22:36:11, False
1739158571792, BTCUSDT, 96973.6, 0.127, 22:36:11, False
1739158571792, BTCUSDT, 96973.7, 0.104, 22:36:11, False
1739158571792, BTCUSDT, 96974.1, 0.141, 22:36:11, False
1739158571792, BTCUSDT, 96974.3, 0.862, 22:36:11, False
1739158571792, BTCUSDT, 96974.4, 0.297, 22:36:11, False
1739158571828, BTCUSDT,2568343399,96974.4,0.297,1739158571792,False
1739158571823, BTCUSDT, 96964.5, 1.651, 22:36:11, True
1739158571852, BTCUSDT,2568343400,96964.5,1.651,1739158571823,True
1739158571848, BTCUSDT, 96964.0, 0.002, 22:36:11, True
1739158571854, BTCUSDT, 96961.2, 0.039, 22:36:11, False
1739158571943, BTCUSDT, 96961.1, 0.846, 22:36:11, True
1739158572044, BTCUSDT,2568343403,96961.1,0.846,1739158571943,True
1739158572040, BTCUSDT, 96961.2, 0.008, 22:36:12, False
1739158572053, BTCUSDT,2568343405,96961.1,0.227,1739158572049,True
1739158572049, BTCUSDT, 96961.1, 0.227, 22:36:12, True
1739158572049, BTCUSDT, 96961.0, 0.01, 22:36:12, True
1739158572049, BTCUSDT, 96960.8, 0.002, 22:36:12, True
1739158572049, BTCUSDT, 96960.1, 0.002, 22:36:12, True
1739158572049, BTCUSDT, 96960.0, 0.004, 22:36:12, True
1739158572049, BTCUSDT, 96959.1, 0.002, 22:36:12, True
1739158572049, BTCUSDT, 96958.9, 0.002, 22:36:12, True
1739158572049, BTCUSDT, 96957.9, 0.002, 22:36:12, True
1739158572049, BTCUSDT, 96957.2, 0.002, 22:36:12, True
1739158572049, BTCUSDT, 96957.0, 0.002, 22:36:12, True
1739158572049, BTCUSDT, 96956.2, 0.002, 22:36:12, True
1739158572049, BTCUSDT, 96956.0, 0.072, 22:36:12, True
1739158572049, BTCUSDT, 96955.2, 0.041, 22:36:12, True
1739158572049, BTCUSDT, 96955.0, 0.041, 22:36:12, True
1739158572049, BTCUSDT, 96954.9, 0.002, 22:36:12, True
1739158572049, BTCUSDT, 96954.4, 0.019, 22:36:12, True
1739158572101, BTCUSDT, 96954.1, 0.108, 22:36:12, True
1739158572160, BTCUSDT, 96954.2, 0.053, 22:36:12, False
1739158572204, BTCUSDT, 96954.1, 0.044, 22:36:12, True
1739158572294, BTCUSDT, 96954.2, 0.002, 22:36:12, False
1739158572328, BTCUSDT, 96954.1, 0.002, 22:36:12, True
1739158572349, BTCUSDT, 96954.2, 0.023, 22:36:12, False
1739158572404, BTCUSDT, 96954.1, 2.684, 22:36:12, True
1739158572539, BTCUSDT,2568343427,96954.1,2.684,1739158572404,True
1739158572535, BTCUSDT, 96954.1, 0.012, 22:36:12, True
1739158572650, BTCUSDT, 96954.1, 0.106, 22:36:12, True
1739158572721, BTCUSDT, 96954.2, 0.03, 22:36:12, False
1739158572724, BTCUSDT, 96954.1, 0.788, 22:36:12, True
1739158572786, BTCUSDT,2568343431,96954.1,0.788,1739158572724,True
1739158572783, BTCUSDT, 96954.2, 0.1, 22:36:12, False
1739158572893, BTCUSDT,2568343433,96954.1,0.215,1739158572787,True
1739158572787, BTCUSDT, 96954.1, 0.215, 22:36:12, True
1739158572889, BTCUSDT, 96954.1, 0.031, 22:36:12, True
1739158572907, BTCUSDT, 96954.2, 0.002, 22:36:12, False
1739158572909, BTCUSDT, 96954.1, 0.019, 22:36:12, True
1739158572941, BTCUSDT, 96954.2, 0.012, 22:36:12, False
1739158572943, BTCUSDT, 96954.1, 0.922, 22:36:12, True
1739158573049, BTCUSDT,2568343438,96954.1,0.922,1739158572943,True
1739158573045, BTCUSDT, 96954.2, 0.002, 22:36:13, False
1739158573054, BTCUSDT, 96954.1, 0.004, 22:36:13, True
1739158573064, BTCUSDT, 96954.2, 0.288, 22:36:13, False
1739158573108, BTCUSDT,2568343441,96954.2,0.288,1739158573064,False
1739158573104, BTCUSDT, 96954.1, 0.03, 22:36:13, True
1739158573236, BTCUSDT, 96954.2, 0.002, 22:36:13, False
1739158573266, BTCUSDT, 96954.1, 0.027, 22:36:13, True
1739158573356, BTCUSDT, 96954.2, 1.896, 22:36:13, False
1739158573370, BTCUSDT, 96955.1, 0.002, 22:36:13, False
1739158573370, BTCUSDT, 96955.2, 0.002, 22:36:13, False
1739158573370, BTCUSDT, 96955.3, 0.002, 22:36:13, False
1739158573370, BTCUSDT, 96955.7, 0.004, 22:36:13, False
1739158573370, BTCUSDT, 96956.0, 0.029, 22:36:13, False
1739158573373, BTCUSDT,2568343445,96954.2,1.896,1739158573356,False
1739158573370, BTCUSDT, 96956.1, 0.002, 22:36:13, False
1739158573370, BTCUSDT, 96956.3, 0.002, 22:36:13, False
1739158573370, BTCUSDT, 96957.1, 0.002, 22:36:13, False
1739158573374, BTCUSDT,2568343476,96965.5,0.157,1739158573370,False
1739158573370, BTCUSDT, 96957.8, 0.021, 22:36:13, False
1739158573370, BTCUSDT, 96957.9, 0.104, 22:36:13, False
1739158573370, BTCUSDT, 96958.0, 0.029, 22:36:13, False
1739158573370, BTCUSDT, 96958.6, 0.032, 22:36:13, False
1739158573374, BTCUSDT,2568343477,96965.6,0.161,1739158573370,False
1739158573370, BTCUSDT, 96960.0, 0.033, 22:36:13, False
1739158573370, BTCUSDT, 96960.1, 0.102, 22:36:13, False
1739158573374, BTCUSDT,2568343478,96965.7,0.172,1739158573370,False
1739158573370, BTCUSDT, 96961.0, 0.002, 22:36:13, False
1739158573370, BTCUSDT, 96961.2, 0.086, 22:36:13, False
1739158573370, BTCUSDT, 96961.5, 0.013, 22:36:13, False
3370,False
1739158573370, BTCUSDT, 96961.6, 0.041, 22:36:13, False
1739158573370, BTCUSDT, 96961.7, 0.002, 22:36:13, False
1739158573374, BTCUSDT,2568343494,96969.2,0.707,1739158573370,False
1739158573370, BTCUSDT, 96962.4, 0.041, 22:36:13, False
1739158573374, BTCUSDT,2568343499,96970.4,0.21,1739158573370,False
1739158573370, BTCUSDT, 96962.9, 0.002, 22:36:13, False
1739158573370, BTCUSDT, 96963.0, 0.01, 22:36:13, False
1739158573374, BTCUSDT,2568343500,96970.7,0.81,1739158573370,False
1739158573370, BTCUSDT, 96963.1, 0.104, 22:36:13, False
1739158573370, BTCUSDT, 96963.2, 0.02, 22:36:13, False
1739158573370, BTCUSDT, 96963.7, 0.12, 22:36:13, False
1739158573370, BTCUSDT, 96963.9, 0.042, 22:36:13, False
1739158573370, BTCUSDT, 96964.1, 0.15, 22:36:13, False
1739158573370, BTCUSDT, 96964.6, 0.041, 22:36:13, False
1739158573370, BTCUSDT, 96964.8, 0.005, 22:36:13, False
1739158573370, BTCUSDT, 96964.9, 0.097, 22:36:13, False
1739158573370, BTCUSDT, 96965.5, 0.157, 22:36:13, False
1739158573370, BTCUSDT, 96965.6, 0.161, 22:36:13, False
1739158573370, BTCUSDT, 96965.7, 0.172, 22:36:13, False
1739158573370, BTCUSDT, 96965.8, 0.002, 22:36:13, False
1739158573370, BTCUSDT, 96965.9, 0.002, 22:36:13, False
1739158573370, BTCUSDT, 96966.0, 0.041, 22:36:13, False
1739158573370, BTCUSDT, 96966.1, 0.013, 22:36:13, False
1739158573370, BTCUSDT, 96966.2, 0.003, 22:36:13, False
1739158573370, BTCUSDT, 96966.3, 0.078, 22:36:13, False
1739158573370, BTCUSDT, 96966.8, 0.002, 22:36:13, False
1739158573370, BTCUSDT, 96967.7, 0.002, 22:36:13, False
1739158573370, BTCUSDT, 96967.8, 0.022, 22:36:13, False
1739158573370, BTCUSDT, 96967.9, 0.208, 22:36:13, False
1739158573370, BTCUSDT, 96968.0, 0.082, 22:36:13, False
1739158573370, BTCUSDT, 96968.1, 0.104, 22:36:13, False
1739158573370, BTCUSDT, 96968.7, 0.022, 22:36:13, False
1739158573370, BTCUSDT, 96968.8, 0.041, 22:36:13, False
1739158573370, BTCUSDT, 96969.1, 0.105, 22:36:13, False
1739158573370, BTCUSDT, 96969.2, 0.707, 22:36:13, False
1739158573370, BTCUSDT, 96969.3, 0.078, 22:36:13, False
1739158573370, BTCUSDT, 96969.4, 0.01, 22:36:13, False
1739158573370, BTCUSDT, 96969.7, 0.148, 22:36:13, False
3370,False
1739158573370, BTCUSDT, 96970.2, 0.024, 22:36:13, False
1739158573370, BTCUSDT, 96970.4, 0.21, 22:36:13, False
1739158573370, BTCUSDT, 96970.7, 0.81, 22:36:13, False
1739158573370, BTCUSDT, 96970.8, 0.296, 22:36:13, False
1739158573382, BTCUSDT, 96954.2, 0.045, 22:36:13, False
1739158573423, BTCUSDT, 96958.5, 0.002, 22:36:13, True
1739158573431, BTCUSDT, 96958.8, 0.002, 22:36:13, False
1739158573431, BTCUSDT, 96959.0, 0.002, 22:36:13, False
1739158573479, BTCUSDT, 96960.0, 0.004, 22:36:13, False
1739158573494, BTCUSDT, 96963.9, 0.025, 22:36:13, False
1739158573534, BTCUSDT, 96964.4, 0.12, 22:36:13, True
1739158573535, BTCUSDT, 96964.5, 0.002, 22:36:13, False
1739158573535, BTCUSDT, 96965.7, 0.002, 22:36:13, False
1739158573535, BTCUSDT, 96966.1, 0.001, 22:36:13, False
1739158573549, BTCUSDT, 96966.0, 0.293, 22:36:13, True
1739158573706, BTCUSDT,2568343512,96966.0,0.293,1739158573549,True
1739158573713, BTCUSDT, 96966.1, 0.03, 22:36:13, False
1739158573870, BTCUSDT,2568343514,96966.0,0.305,1739158573744,True
1739158573744, BTCUSDT, 96966.0, 0.305, 22:36:13, True
1739158573866, BTCUSDT, 96966.1, 0.011, 22:36:13, False
1739158573942, BTCUSDT, 96966.0, 0.002, 22:36:13, True
1739158573959, BTCUSDT, 96966.1, 0.002, 22:36:13, False
1739158573966, BTCUSDT, 96966.0, 0.01, 22:36:13, True
1739158574018, BTCUSDT, 96966.1, 0.218, 22:36:14, False
1739158574081, BTCUSDT,2568343519,96966.1,0.218,1739158574018,False
1739158574186, BTCUSDT,2568343520,96966.0,3.48,1739158574078,True
1739158574078, BTCUSDT, 96966.0, 3.48, 22:36:14, True
1739158574183, BTCUSDT, 96966.0, 0.006, 22:36:14, True
1739158574187, BTCUSDT, 96965.8, 0.01, 22:36:14, False
1739158574187, BTCUSDT, 96965.7, 0.002, 22:36:14, True
1739158574188, BTCUSDT, 96965.0, 0.002, 22:36:14, True
1739158574188, BTCUSDT, 96964.1, 0.004, 22:36:14, True
1739158574188, BTCUSDT, 96964.0, 0.002, 22:36:14, True
1739158574188, BTCUSDT, 96963.0, 0.002, 22:36:14, True
1739158574188, BTCUSDT, 96962.1, 0.002, 22:36:14, True
1739158574188, BTCUSDT, 96961.1, 0.002, 22:36:14, True
1739158574188, BTCUSDT, 96961.0, 0.01, 22:36:14, True
1739158574202, BTCUSDT, 96960.3, 0.002, 22:36:14, True
1739158574202, BTCUSDT, 96960.1, 0.002, 22:36:14, True
1739158574213, BTCUSDT, 96960.0, 0.008, 22:36:14, True
1739158574213, BTCUSDT, 96959.1, 0.002, 22:36:14, True
1739158574213, BTCUSDT, 96958.2, 0.002, 22:36:14, True
1739158574213, BTCUSDT, 96957.3, 0.002, 22:36:14, True
1739158574213, BTCUSDT, 96957.2, 0.002, 22:36:14, True
1739158574253, BTCUSDT, 96955.8, 0.024, 22:36:14, False
1739158574314, BTCUSDT, 96955.7, 0.066, 22:36:14, True
1739158574333, BTCUSDT, 96955.8, 0.02, 22:36:14, False
1739158574379, BTCUSDT, 96955.7, 0.031, 22:36:14, True
1739158574528, BTCUSDT, 96955.7, 0.238, 22:36:14, True
1739158574556, BTCUSDT,2568343542,96955.7,0.238,1739158574528,True
1739158574551, BTCUSDT, 96955.0, 0.002, 22:36:14, True
1739158574551, BTCUSDT, 96954.3, 0.002, 22:36:14, True
1739158574551, BTCUSDT, 96953.5, 0.002, 22:36:14, True
1739158574551, BTCUSDT, 96953.3, 0.002, 22:36:14, True
1739158574551, BTCUSDT, 96952.7, 0.002, 22:36:14, True
1739158574551, BTCUSDT, 96952.6, 0.002, 22:36:14, True
1739158574551, BTCUSDT, 96952.5, 0.003, 22:36:14, True
1739158574551, BTCUSDT, 96952.4, 0.002, 22:36:14, True
1739158574551, BTCUSDT, 96952.3, 0.002, 22:36:14, True
1739158574565, BTCUSDT, 96952.2, 0.036, 22:36:14, True
1739158574708, BTCUSDT, 96952.3, 0.03, 22:36:14, False
1739158574729, BTCUSDT, 96952.2, 0.005, 22:36:14, True
1739158574866, BTCUSDT, 96952.2, 0.053, 22:36:14, True
1739158574956, BTCUSDT, 96952.3, 0.004, 22:36:14, False
1739158574981, BTCUSDT, 96952.2, 0.862, 22:36:14, True
1739158575103, BTCUSDT,2568343557,96952.2,0.862,1739158574981,True
1739158575100, BTCUSDT, 96952.2, 0.3, 22:36:15, True
1739158575254, BTCUSDT,2568343558,96952.2,0.3,1739158575100,True
1739158575264, BTCUSDT, 96952.2, 0.009, 22:36:15, True
1739158575392, BTCUSDT, 96952.2, 0.221, 22:36:15, True
1739158575524, BTCUSDT,2568343560,96952.2,0.221,1739158575392,True
1739158575520, BTCUSDT, 96952.2, 0.002, 22:36:15, True
1739158575632, BTCUSDT, 96952.3, 0.047, 22:36:15, False
1739158575748, BTCUSDT, 96952.2, 0.093, 22:36:15, True
1739158575863, BTCUSDT, 96952.2, 0.099, 22:36:15, True
1739158575937, BTCUSDT, 96952.3, 0.002, 22:36:15, False
1739158575945, BTCUSDT, 96952.2, 0.268, 22:36:15, True
1739158576052, BTCUSDT,2568343566,96952.2,0.268,1739158575945,True
1739158576049, BTCUSDT, 96952.2, 0.048, 22:36:16, True
1739158576112, BTCUSDT, 96952.3, 0.002, 22:36:16, False
1739158576115, BTCUSDT, 96952.2, 0.041, 22:36:16, True
1739158576177, BTCUSDT, 96952.3, 0.578, 22:36:16, False
1739158576182, BTCUSDT,2568343570,96952.3,0.578,1739158576177,False
1739158576179, BTCUSDT, 96952.2, 0.006, 22:36:16, True
1739158576179, BTCUSDT, 96952.3, 0.089, 22:36:16, False
1739158576189, BTCUSDT, 96952.2, 0.005, 22:36:16, True
1739158576197, BTCUSDT, 96952.3, 0.002, 22:36:16, False
1739158576197, BTCUSDT, 96952.2, 0.022, 22:36:16, True
1739158576322, BTCUSDT, 96952.3, 0.07, 22:36:16, False
1739158576453, BTCUSDT, 96952.3, 0.023, 22:36:16, False
1739158576518, BTCUSDT, 96952.2, 0.051, 22:36:16, True
1739158576716, BTCUSDT,2568343579,96952.2,1.128,1739158576700,True
1739158576700, BTCUSDT, 96952.2, 1.128, 22:36:16, True
1739158576713, BTCUSDT, 96951.4, 0.12, 22:36:16, True
1739158576736, BTCUSDT, 96951.2, 0.002, 22:36:16, True
1739158576736, BTCUSDT, 96950.4, 0.002, 22:36:16, True
1739158576736, BTCUSDT, 96950.3, 0.004, 22:36:16, True
1739158576736, BTCUSDT, 96949.5, 0.002, 22:36:16, True
1739158576736, BTCUSDT, 96949.2, 0.002, 22:36:16, True
1739158576736, BTCUSDT, 96948.7, 0.003, 22:36:16, True
1739158576736, BTCUSDT, 96948.6, 0.093, 22:36:16, True
1739158576761, BTCUSDT, 96948.7, 0.03, 22:36:16, False
1739158576792, BTCUSDT, 96948.5, 0.002, 22:36:16, True
1739158576797, BTCUSDT, 96948.2, 0.002, 22:36:16, True
1739158576797, BTCUSDT, 96947.7, 0.003, 22:36:16, True
1739158576797, BTCUSDT, 96947.5, 0.002, 22:36:16, True
1739158576797, BTCUSDT, 96947.3, 0.002, 22:36:16, True
1739158576797, BTCUSDT, 96946.9, 0.005, 22:36:16, True
1739158576797, BTCUSDT, 96946.5, 0.002, 22:36:16, True
1739158576797, BTCUSDT, 96946.2, 0.002, 22:36:16, True
1739158576797, BTCUSDT, 96945.6, 0.002, 22:36:16, True
1739158576797, BTCUSDT, 96945.3, 0.004, 22:36:16, True
1739158576797, BTCUSDT, 96945.2, 0.034, 22:36:16, True
1739158576802, BTCUSDT, 96947.4, 0.006, 22:36:16, False
1739158576845, BTCUSDT, 96945.3, 0.007, 22:36:16, False
1739158576873, BTCUSDT, 96945.2, 0.031, 22:36:16, True
1739158576912, BTCUSDT, 96945.3, 0.005, 22:36:16, False
1739158576915, BTCUSDT, 96945.2, 0.003, 22:36:16, True
1739158576941, BTCUSDT, 96945.3, 0.002, 22:36:16, False
1739158576961, BTCUSDT, 96945.2, 0.023, 22:36:16, True
1739158577184, BTCUSDT, 96945.2, 0.081, 22:36:17, True
1739158577220, BTCUSDT, 96945.3, 0.155, 22:36:17, False
1739158577253, BTCUSDT,2568343608,96945.3,0.155,1739158577220,False
1739158577250, BTCUSDT, 96945.2, 0.01, 22:36:17, True
1739158577360, BTCUSDT,2568343610,96945.3,1.11,1739158577351,False
1739158577351, BTCUSDT, 96945.3, 1.11, 22:36:17, False
1739158577356, BTCUSDT, 96946.2, 0.002, 22:36:17, False
1739158577356, BTCUSDT, 96946.4, 0.002, 22:36:17, False
1739158577356, BTCUSDT, 96947.3, 0.015, 22:36:17, False
1739158577357, BTCUSDT, 96947.4, 0.002, 22:36:17, False
1739158577357, BTCUSDT, 96948.4, 0.002, 22:36:17, False
1739158577409, BTCUSDT, 96949.2, 0.009, 22:36:17, False
1739158577429, BTCUSDT, 96949.3, 0.002, 22:36:17, False
1739158577429, BTCUSDT, 96950.1, 0.002, 22:36:17, False
1739158577429, BTCUSDT, 96950.3, 0.002, 22:36:17, False
1739158577431, BTCUSDT, 96950.4, 0.021, 22:36:17, True
1739158577432, BTCUSDT, 96951.3, 0.002, 22:36:17, False
1739158577432, BTCUSDT, 96951.6, 0.002, 22:36:17, False
1739158577581, BTCUSDT, 96952.2, 0.002, 22:36:17, True
1739158577617, BTCUSDT, 96952.3, 0.853, 22:36:17, False
1739158577670, BTCUSDT, 96953.4, 0.03, 22:36:17, False
1739158577675, BTCUSDT,2568343624,96952.3,0.853,1739158577617,False
1739158577672, BTCUSDT, 96954.2, 0.011, 22:36:17, False
1739158577679, BTCUSDT, 96954.9, 0.041, 22:36:17, False
1739158577679, BTCUSDT, 96955.2, 0.06, 22:36:17, False
1739158577709, BTCUSDT, 96955.6, 0.003, 22:36:17, False
1739158577724, BTCUSDT, 96956.3, 0.002, 22:36:17, False
1739158577724, BTCUSDT, 96957.6, 0.021, 22:36:17, False
1739158577724, BTCUSDT, 96957.7, 0.093, 22:36:17, False
1739158577724, BTCUSDT, 96957.9, 0.003, 22:36:17, False
1739158577819, BTCUSDT,2568343634,96958.9,0.679,1739158577754,False
1739158577754, BTCUSDT, 96958.9, 0.679, 22:36:17, False
1739158577816, BTCUSDT, 96959.2, 0.003, 22:36:17, False
1739158577826, BTCUSDT, 96959.3, 0.013, 22:36:17, True
1739158577855, BTCUSDT, 96959.4, 0.002, 22:36:17, False
1739158577855, BTCUSDT, 96959.8, 0.002, 22:36:17, False
1739158577875, BTCUSDT, 96959.9, 0.224, 22:36:17, True
1739158577887, BTCUSDT,2568343639,96959.9,0.224,1739158577875,True
1739158577884, BTCUSDT, 96960.0, 0.002, 22:36:17, False
1739158577898, BTCUSDT, 96959.9, 0.5, 22:36:17, True
1739158577926, BTCUSDT,2568343641,96959.9,0.5,1739158577898,True
1739158577923, BTCUSDT, 96960.0, 0.3, 22:36:17, False
1739158577972, BTCUSDT,2568343642,96960.0,0.3,1739158577923,False
1739158577969, BTCUSDT, 96959.9, 0.031, 22:36:17, True
1739158577993, BTCUSDT, 96960.0, 0.013, 22:36:17, False
1739158578078, BTCUSDT, 96959.9, 0.014, 22:36:18, True
1739158578182, BTCUSDT, 96959.9, 0.004, 22:36:18, True
1739158578332, BTCUSDT, 96959.9, 0.169, 22:36:18, True
1739158578387, BTCUSDT,2568343647,96959.9,0.169,1739158578332,True
1739158578383, BTCUSDT, 96960.0, 0.073, 22:36:18, False
1739158578485, BTCUSDT, 96959.9, 0.002, 22:36:18, True
1739158578497, BTCUSDT, 96960.0, 0.002, 22:36:18, False
1739158578569, BTCUSDT, 96959.9, 2.128, 22:36:18, True
1739158578569, BTCUSDT, 96959.4, 0.01, 22:36:18, True
1739158578569, BTCUSDT, 96958.9, 0.002, 22:36:18, True
1739158578569, BTCUSDT, 96957.8, 0.282, 22:36:18, True
1739158578569, BTCUSDT, 96957.2, 0.002, 22:36:18, True
1739158578569, BTCUSDT, 96957.0, 0.002, 22:36:18, True
1739158578569, BTCUSDT, 96956.2, 0.002, 22:36:18, True
1739158578569, BTCUSDT, 96955.3, 0.006, 22:36:18, True
1739158578569, BTCUSDT, 96954.3, 0.002, 22:36:18, True
1739158578569, BTCUSDT, 96954.0, 0.029, 22:36:18, True
1739158578569, BTCUSDT, 96953.7, 0.002, 22:36:18, True
1739158578569, BTCUSDT, 96953.3, 0.002, 22:36:18, True
1739158578573, BTCUSDT,2568343651,96959.9,2.128,1739158578569,True
1739158578569, BTCUSDT, 96953.2, 0.041, 22:36:18, True
1739158578574, BTCUSDT,2568343654,96957.8,0.282,1739158578569,True
1739158578574, BTCUSDT,2568343667,96952.7,0.25,1739158578569,True
1739158578569, BTCUSDT, 96953.1, 0.002, 22:36:18, True
1739158578574, BTCUSDT,2568343670,96952.2,0.718,1739158578569,True
1739158578569, BTCUSDT, 96952.9, 0.148, 22:36:18, True
1739158578569, BTCUSDT, 96952.8, 0.041, 22:36:18, True
1739158578574, BTCUSDT,2568343678,96950.3,0.42,1739158578569,True
1739158578569, BTCUSDT, 96952.4, 0.002, 22:36:18, True
1739158578574, BTCUSDT,2568343681,96949.8,0.297,1739158578569,True
1739158578569, BTCUSDT, 96952.3, 0.064, 22:36:18, True
1739158578569, BTCUSDT, 96952.2, 0.718, 22:36:18, True
1739158578569, BTCUSDT, 96952.1, 0.002, 22:36:18, True
1739158578569, BTCUSDT, 96952.0, 0.029, 22:36:18, True
1739158578574, BTCUSDT,2568343688,96948.4,0.31,1739158578569,True
1739158578569, BTCUSDT, 96951.9, 0.002, 22:36:18, True
1739158578569, BTCUSDT, 96951.3, 0.002, 22:36:18, True
1739158578574, BTCUSDT,2568343689,96948.3,0.876,1739158578569,True
1739158578569, BTCUSDT, 96951.2, 0.002, 22:36:18, True
1739158578569, BTCUSDT, 96951.0, 0.041, 22:36:18, True
1739158578569, BTCUSDT, 96950.4, 0.009, 22:36:18, True
1739158578574, BTCUSDT,2568343703,96946.1,0.29,1739158578569,True
1739158578569, BTCUSDT, 96950.3, 0.42, 22:36:18, True
1739158578569, BTCUSDT, 96950.2, 0.005, 22:36:18, True
1739158578574, BTCUSDT,2568343707,96945.5,0.622,1739158578569,True
1739158578569, BTCUSDT, 96950.0, 0.029, 22:36:18, True
1739158578569, BTCUSDT, 96949.8, 0.297, 22:36:18, True
1739158578569, BTCUSDT, 96949.6, 0.041, 22:36:18, True
1739158578569, BTCUSDT, 96949.5, 0.002, 22:36:18, True
1739158578569, BTCUSDT, 96949.2, 0.002, 22:36:18, True
1739158578569, BTCUSDT, 96949.0, 0.002, 22:36:18, True
1739158578569, BTCUSDT, 96948.8, 0.041, 22:36:18, True
1739158578569, BTCUSDT, 96948.5, 0.002, 22:36:18, True
1739158578569, BTCUSDT, 96948.4, 0.31, 22:36:18, True
1739158578569, BTCUSDT, 96948.3, 0.876, 22:36:18, True
1739158578569, BTCUSDT, 96948.2, 0.002, 22:36:18, True
1739158578569, BTCUSDT, 96948.0, 0.029, 22:36:18, True
1739158578569, BTCUSDT, 96947.7, 0.154, 22:36:18, True
1739158578569, BTCUSDT, 96947.6, 0.041, 22:36:18, True
1739158578569, BTCUSDT, 96947.5, 0.002, 22:36:18, True
1739158578569, BTCUSDT, 96947.4, 0.147, 22:36:18, True
1739158578569, BTCUSDT, 96947.3, 0.004, 22:36:18, True
1739158578569, BTCUSDT, 96947.2, 0.04, 22:36:18, True
1739158578569, BTCUSDT, 96947.0, 0.027, 22:36:18, True
1739158578569, BTCUSDT, 96946.8, 0.044, 22:36:18, True
1739158578569, BTCUSDT, 96946.5, 0.002, 22:36:18, True
1739158578569, BTCUSDT, 96946.4, 0.041, 22:36:18, True
1739158578569, BTCUSDT, 96946.3, 0.002, 22:36:18, True
1739158578569, BTCUSDT, 96946.1, 0.29, 22:36:18, True
1739158578569, BTCUSDT, 96946.0, 0.029, 22:36:18, True
1739158578569, BTCUSDT, 96945.8, 0.1, 22:36:18, True
1739158578569, BTCUSDT, 96945.6, 0.033, 22:36:18, True
1739158578569, BTCUSDT, 96945.5, 0.622, 22:36:18, True
1739158578569, BTCUSDT, 96945.4, 2.543, 22:36:18, True
1739158578711, BTCUSDT,2568343708,96945.4,2.543,1739158578569,True
1739158578730, BTCUSDT,2568343709,96945.4,0.466,1739158578707,True
1739158578707, BTCUSDT, 96945.4, 0.466, 22:36:18, True
1739158578726, BTCUSDT, 96945.5, 0.033, 22:36:18, False
1739158578791, BTCUSDT, 96945.4, 0.006, 22:36:18, True
1739158578800, BTCUSDT, 96945.5, 0.009, 22:36:18, False
1739158578865, BTCUSDT, 96945.4, 0.12, 22:36:18, True
1739158578895, BTCUSDT, 96945.3, 0.002, 22:36:18, True
1739158578895, BTCUSDT, 96945.2, 0.24, 22:36:18, True
1739158578968, BTCUSDT,2568343715,96945.2,0.24,1739158578895,True
1739158578964, BTCUSDT, 96945.3, 0.006, 22:36:18, False
1739158579001, BTCUSDT, 96945.2, 0.019, 22:36:19, True
1739158579005, BTCUSDT, 96945.3, 0.01, 22:36:19, False
1739158579083, BTCUSDT, 96945.2, 0.155, 22:36:19, True
1739158579195, BTCUSDT,2568343719,96945.2,0.155,1739158579083,True
1739158579191, BTCUSDT, 96945.2, 0.051, 22:36:19, True
1739158579297, BTCUSDT, 96945.3, 0.05, 22:36:19, False
1739158579312, BTCUSDT, 96945.2, 0.024, 22:36:19, True
1739158579540, BTCUSDT, 96945.3, 0.1, 22:36:19, False
1739158579605, BTCUSDT, 96945.2, 0.163, 22:36:19, True
1739158579610, BTCUSDT,2568343724,96945.2,0.163,1739158579605,True
1739158579607, BTCUSDT, 96945.3, 0.515, 22:36:19, False
1739158579658, BTCUSDT,2568343725,96945.3,0.515,1739158579607,False
1739158579654, BTCUSDT, 96945.2, 0.033, 22:36:19, True
1739158579704, BTCUSDT, 96945.3, 0.076, 22:36:19, False
1739158579809, BTCUSDT, 96945.2, 0.048, 22:36:19, True
1739158579950, BTCUSDT, 96945.2, 1.031, 22:36:19, True
1739158580104, BTCUSDT,2568343729,96945.2,1.031,1739158579950,True
1739158580125, BTCUSDT, 96945.2, 0.108, 22:36:20, True
1739158580302, BTCUSDT, 96945.3, 1.679, 22:36:20, False
1739158580315, BTCUSDT,2568343731,96945.3,1.679,1739158580302,False
1739158580311, BTCUSDT, 96945.4, 0.243, 22:36:20, False
1739158580317, BTCUSDT,2568343732,96945.4,0.243,1739158580311,False
1739158580313, BTCUSDT, 96945.9, 0.017, 22:36:20, False
1739158580319, BTCUSDT, 96947.3, 0.03, 22:36:20, False
1739158580323, BTCUSDT, 96948.1, 0.002, 22:36:20, False
1739158580323, BTCUSDT, 96948.4, 0.002, 22:36:20, False
1739158580323, BTCUSDT, 96949.0, 0.018, 22:36:20, False
1739158580340, BTCUSDT, 96948.9, 0.002, 22:36:20, True
1739158580359, BTCUSDT, 96949.0, 0.003, 22:36:20, False
1739158580365, BTCUSDT, 96948.9, 0.063, 22:36:20, True
1739158580473, BTCUSDT, 96948.9, 0.009, 22:36:20, True
1739158580568, BTCUSDT, 96949.0, 0.002, 22:36:20, False
1739158580706, BTCUSDT, 96948.9, 0.031, 22:36:20, True
1739158580707, BTCUSDT, 96949.0, 0.03, 22:36:20, False
1739158580742, BTCUSDT, 96948.9, 0.164, 22:36:20, True
1739158580855, BTCUSDT,2568343745,96948.9,0.164,1739158580742,True
1739158580850, BTCUSDT, 96948.9, 0.4, 22:36:20, True
1739158581004, BTCUSDT,2568343746,96948.9,0.4,1739158580850,True
1739158581000, BTCUSDT, 96949.0, 0.003, 22:36:21, False
1739158581062, BTCUSDT,2568343748,96948.9,0.656,1739158581036,True
1739158581036, BTCUSDT, 96948.9, 0.656, 22:36:21, True
1739158581058, BTCUSDT, 96948.3, 0.085, 22:36:21, False
1739158581062, BTCUSDT, 96947.0, 0.004, 22:36:21, True
1739158581077, BTCUSDT, 96945.3, 0.002, 22:36:21, True
1739158581105, BTCUSDT, 96945.2, 0.032, 22:36:21, True
1739158581365, BTCUSDT, 96945.3, 0.028, 22:36:21, False
1739158581405, BTCUSDT, 96945.2, 0.104, 22:36:21, True
1739158581543, BTCUSDT, 96945.3, 5.568, 22:36:21, False
1739158581549, BTCUSDT,2568343755,96945.3,5.568,1739158581543,False
1739158581545, BTCUSDT, 96945.4, 0.074, 22:36:21, False
1739158581546, BTCUSDT, 96947.3, 0.106, 22:36:21, False
1739158581546, BTCUSDT, 96949.0, 0.046, 22:36:21, False
1739158581546, BTCUSDT, 96950.0, 0.003, 22:36:21, False
1739158581546, BTCUSDT, 96950.2, 0.003, 22:36:21, False
1739158581546, BTCUSDT, 96950.3, 0.051, 22:36:21, False
1739158581553, BTCUSDT, 96950.4, 0.002, 22:36:21, False
1739158581553, BTCUSDT, 96950.5, 0.003, 22:36:21, False
1739158581553, BTCUSDT, 96950.7, 0.003, 22:36:21, False
1739158581554, BTCUSDT, 96951.2, 0.003, 22:36:21, False
1739158581554, BTCUSDT, 96951.3, 0.002, 22:36:21, False
1739158581554, BTCUSDT, 96951.5, 0.003, 22:36:21, False
1739158581554, BTCUSDT, 96951.7, 0.052, 22:36:21, False
1739158581631, BTCUSDT, 96954.7, 0.01, 22:36:21, False
1739158581710, BTCUSDT, 96954.8, 0.013, 22:36:21, True
1739158581712, BTCUSDT, 96955.0, 0.003, 22:36:21, False
1739158581712, BTCUSDT, 96955.2, 0.002, 22:36:21, False
1739158581712, BTCUSDT, 96955.7, 0.061, 22:36:21, False
1739158581723, BTCUSDT, 96956.1, 0.002, 22:36:21, False
1739158581723, BTCUSDT, 96956.2, 0.061, 22:36:21, False
1739158581724, BTCUSDT, 96956.4, 0.002, 22:36:21, False
1739158581762, BTCUSDT,2568343784,96960.0,0.39,1739158581758,False
1739158581724, BTCUSDT, 96956.7, 0.061, 22:36:21, False
1739158581763, BTCUSDT,2568343801,96965.1,0.372,1739158581759,False
1739158581758, BTCUSDT, 96957.1, 0.002, 22:36:21, False
1739158581758, BTCUSDT, 96957.5, 0.003, 22:36:21, False
1739158581758, BTCUSDT, 96958.1, 0.002, 22:36:21, False
1739158581758, BTCUSDT, 96959.0, 0.002, 22:36:21, False
1739158581758, BTCUSDT, 96959.4, 0.006, 22:36:21, False
1739158581758, BTCUSDT, 96959.8, 0.002, 22:36:21, False
1739158581758, BTCUSDT, 96960.0, 0.39, 22:36:21, False
1739158581759, BTCUSDT, 96960.7, 0.002, 22:36:21, False
1739158581759, BTCUSDT, 96960.9, 0.002, 22:36:21, False
1739158581759, BTCUSDT, 96961.0, 0.002, 22:36:21, False
1739158581759, BTCUSDT, 96961.1, 0.045, 22:36:21, False
1739158581759, BTCUSDT, 96961.3, 0.104, 22:36:21, False
1739158581759, BTCUSDT, 96961.7, 0.002, 22:36:21, False
1739158581759, BTCUSDT, 96961.8, 0.005, 22:36:21, False
1739158581759, BTCUSDT, 96962.0, 0.002, 22:36:21, False
1739158581759, BTCUSDT, 96962.3, 0.003, 22:36:21, False
1739158581759, BTCUSDT, 96962.9, 0.002, 22:36:21, False
1739158581759, BTCUSDT, 96963.0, 0.006, 22:36:21, False
1739158581759, BTCUSDT, 96963.9, 0.002, 22:36:21, False
1739158581759, BTCUSDT, 96964.4, 0.002, 22:36:21, False
1739158581759, BTCUSDT, 96964.6, 0.043, 22:36:21, False
1739158581759, BTCUSDT, 96964.7, 0.007, 22:36:21, False
1739158581759, BTCUSDT, 96964.9, 0.002, 22:36:21, False
1739158581759, BTCUSDT, 96965.1, 0.372, 22:36:21, False
1739158581759, BTCUSDT, 96965.5, 0.073, 22:36:21, False
1739158581759, BTCUSDT, 96965.6, 0.043, 22:36:21, False
1739158581759, BTCUSDT, 96965.7, 0.002, 22:36:21, False
1739158581759, BTCUSDT, 96965.8, 0.002, 22:36:21, False
1739158581759, BTCUSDT, 96965.9, 0.002, 22:36:21, False
1739158581759, BTCUSDT, 96966.0, 0.041, 22:36:21, False
1739158581759, BTCUSDT, 96966.1, 0.015, 22:36:21, False
1739158581769, BTCUSDT, 96965.9, 0.005, 22:36:21, True
1739158581796, BTCUSDT,2568343810,96966.0,0.325,1739158581788,True
1739158581788, BTCUSDT, 96966.0, 0.325, 22:36:21, True
1739158581793, BTCUSDT, 96966.1, 0.006, 22:36:21, False
1739158581814, BTCUSDT, 96966.0, 0.03, 22:36:21, True
1739158581825, BTCUSDT, 96966.1, 0.009, 22:36:21, False
1739158581846, BTCUSDT, 96966.0, 0.01, 22:36:21, True
1739158581869, BTCUSDT, 96966.1, 0.098, 22:36:21, False
1739158581874, BTCUSDT, 96966.0, 0.227, 22:36:21, True
1739158581946, BTCUSDT,2568343816,96966.0,0.227,1739158581874,True
1739158581941, BTCUSDT, 96965.0, 0.002, 22:36:21, True
1739158581949, BTCUSDT, 96963.0, 0.002, 22:36:21, True
1739158581949, BTCUSDT, 96962.1, 0.002, 22:36:21, True
1739158581957, BTCUSDT, 96960.8, 0.002, 22:36:21, True
1739158581957, BTCUSDT, 96960.1, 0.002, 22:36:21, True
1739158581957, BTCUSDT, 96960.0, 0.008, 22:36:21, True
1739158581959, BTCUSDT, 96959.4, 0.002, 22:36:21, True
1739158581966, BTCUSDT, 96958.6, 0.002, 22:36:21, True
1739158581966, BTCUSDT, 96958.2, 0.002, 22:36:21, True
1739158581966, BTCUSDT, 96957.9, 0.002, 22:36:21, True
1739158581966, BTCUSDT, 96957.2, 0.002, 22:36:21, True
1739158581966, BTCUSDT, 96956.4, 0.022, 22:36:21, True
1739158581966, BTCUSDT, 96956.2, 0.002, 22:36:21, True
1739158581966, BTCUSDT, 96956.0, 0.002, 22:36:21, True
1739158581966, BTCUSDT, 96955.4, 0.002, 22:36:21, True
1739158581966, BTCUSDT, 96955.0, 0.002, 22:36:21, True
1739158581966, BTCUSDT, 96954.8, 0.011, 22:36:21, True
1739158581966, BTCUSDT, 96954.1, 0.002, 22:36:21, True
1739158581966, BTCUSDT, 96953.9, 0.091, 22:36:21, True
1739158581983, BTCUSDT, 96953.7, 0.008, 22:36:21, True
1739158581984, BTCUSDT, 96953.8, 0.413, 22:36:21, False
1739158582021, BTCUSDT,2568343837,96953.8,0.413,1739158581984,False
1739158582018, BTCUSDT, 96953.7, 0.153, 22:36:22, True
1739158582179, BTCUSDT, 96953.7, 0.093, 22:36:22, True
1739158582236, BTCUSDT, 96953.8, 0.881, 22:36:22, False
1739158582324, BTCUSDT,2568343840,96953.8,0.881,1739158582236,False
1739158582320, BTCUSDT, 96953.9, 0.137, 22:36:22, False
1739158582327, BTCUSDT, 96954.0, 0.01, 22:36:22, False
1739158582327, BTCUSDT, 96954.2, 0.002, 22:36:22, False
1739158582327, BTCUSDT, 96955.2, 0.002, 22:36:22, False
1739158582330, BTCUSDT, 96956.1, 0.002, 22:36:22, False
1739158582340, BTCUSDT, 96956.4, 0.002, 22:36:22, False
1739158582340, BTCUSDT, 96957.1, 0.002, 22:36:22, False
1739158582340, BTCUSDT, 96958.6, 0.002, 22:36:22, False
1739158582340, BTCUSDT, 96959.1, 0.075, 22:36:22, False
1739158582535, BTCUSDT, 96959.0, 0.035, 22:36:22, True
1739158582573, BTCUSDT, 96958.9, 0.002, 22:36:22, True
1739158582605, BTCUSDT, 96953.7, 0.014, 22:36:22, True
1739158582622, BTCUSDT, 96952.4, 0.002, 22:36:22, True
1739158582622, BTCUSDT, 96952.1, 0.002, 22:36:22, True
1739158582663, BTCUSDT, 96952.0, 0.272, 22:36:22, True
1739158582702, BTCUSDT,2568343855,96952.0,0.272,1739158582663,True
1739158582697, BTCUSDT, 96951.4, 0.002, 22:36:22, True
1739158582702, BTCUSDT,2568343860,96951.0,0.299,1739158582697,True
1739158582697, BTCUSDT, 96951.3, 0.002, 22:36:22, True
1739158582697, BTCUSDT, 96951.2, 0.002, 22:36:22, True
1739158582697, BTCUSDT, 96951.1, 0.002, 22:36:22, True
1739158582697, BTCUSDT, 96951.0, 0.299, 22:36:22, True
1739158582697, BTCUSDT, 96950.4, 0.002, 22:36:22, True
1739158582697, BTCUSDT, 96950.2, 0.002, 22:36:22, True
1739158582697, BTCUSDT, 96950.0, 0.029, 22:36:22, True
1739158582697, BTCUSDT, 96949.6, 0.041, 22:36:22, True
1739158582697, BTCUSDT, 96949.5, 0.004, 22:36:22, True
1739158582697, BTCUSDT, 96949.4, 0.108, 22:36:22, True
1739158582726, BTCUSDT, 96949.4, 0.03, 22:36:22, False
1739158582734, BTCUSDT, 96949.3, 0.547, 22:36:22, True
1739158582804, BTCUSDT,2568343868,96949.3,0.547,1739158582734,True
1739158582801, BTCUSDT, 96949.4, 0.004, 22:36:22, False
1739158582899, BTCUSDT, 96949.3, 0.101, 22:36:22, True
1739158582918, BTCUSDT, 96949.4, 0.002, 22:36:22, False
1739158583027, BTCUSDT, 96949.3, 0.011, 22:36:23, True
1739158583032, BTCUSDT, 96949.2, 0.002, 22:36:23, True
1739158583032, BTCUSDT, 96948.4, 0.01, 22:36:23, True
1739158583071, BTCUSDT, 96947.0, 0.003, 22:36:23, True
1739158583085, BTCUSDT, 96946.5, 0.002, 22:36:23, True
1739158583085, BTCUSDT, 96945.6, 0.002, 22:36:23, True
1739158583085, BTCUSDT, 96945.3, 0.002, 22:36:23, True
1739158583091, BTCUSDT, 96945.2, 0.192, 22:36:23, True
1739158583178, BTCUSDT,2568343879,96945.2,0.192,1739158583091,True
1739158583174, BTCUSDT, 96945.3, 0.102, 22:36:23, False
1739158583199, BTCUSDT, 96945.2, 0.015, 22:36:23, True
1739158583345, BTCUSDT, 96945.3, 1.389, 22:36:23, False
1739158583377, BTCUSDT,2568343882,96945.3,1.389,1739158583345,False
1739158583374, BTCUSDT, 96949.3, 0.002, 22:36:23, False
1739158583383, BTCUSDT, 96949.3, 0.03, 22:36:23, True
1739158583441, BTCUSDT, 96949.4, 0.01, 22:36:23, False
1739158583457, BTCUSDT, 96950.3, 0.002, 22:36:23, False
1739158583457, BTCUSDT, 96951.3, 0.002, 22:36:23, False
1739158583457, BTCUSDT, 96952.1, 0.005, 22:36:23, False
1739158583457, BTCUSDT, 96952.3, 0.002, 22:36:23, False
1739158583457, BTCUSDT, 96953.2, 0.002, 22:36:23, False
1739158583512, BTCUSDT, 96954.2, 0.002, 22:36:23, False
1739158583566, BTCUSDT, 96956.1, 0.002, 22:36:23, False
1739158583571, BTCUSDT, 96956.2, 0.002, 22:36:23, False
1739158583571, BTCUSDT, 96957.1, 0.002, 22:36:23, False
1739158583571, BTCUSDT, 96958.1, 0.002, 22:36:23, False
1739158583571, BTCUSDT, 96959.0, 0.002, 22:36:23, False
1739158583571, BTCUSDT, 96959.1, 0.072, 22:36:23, False
1739158583571, BTCUSDT, 96959.8, 0.002, 22:36:23, False
1739158583571, BTCUSDT, 96960.0, 0.035, 22:36:23, False
1739158583571, BTCUSDT, 96960.9, 0.002, 22:36:23, False
1739158583571, BTCUSDT, 96961.0, 0.004, 22:36:23, False
1739158583571, BTCUSDT, 96961.5, 0.038, 22:36:23, False
1739158583571, BTCUSDT, 96961.6, 0.104, 22:36:23, False
1739158583571, BTCUSDT, 96961.7, 0.002, 22:36:23, False
1739158583571, BTCUSDT, 96962.0, 0.031, 22:36:23, False
1739158583571, BTCUSDT, 96962.7, 0.002, 22:36:23, False
1739158583571, BTCUSDT, 96962.9, 0.002, 22:36:23, False
1739158583571, BTCUSDT, 96963.7, 0.005, 22:36:23, False
1739158583571, BTCUSDT, 96963.8, 0.098, 22:36:23, False
1739158583571, BTCUSDT, 96964.0, 0.048, 22:36:23, False
1739158583571, BTCUSDT, 96964.2, 0.054, 22:36:23, False
1739158583571, BTCUSDT, 96964.6, 0.002, 22:36:23, False
1739158583571, BTCUSDT, 96964.9, 0.002, 22:36:23, False
1739158583571, BTCUSDT, 96965.5, 0.002, 22:36:23, False
1739158583571, BTCUSDT, 96965.6, 0.002, 22:36:23, False
1739158583571, BTCUSDT, 96965.7, 0.002, 22:36:23, False
1739158583571, BTCUSDT, 96965.9, 0.002, 22:36:23, False
1739158583571, BTCUSDT, 96966.0, 0.464, 22:36:23, False
1739158583593, BTCUSDT,2568343918,96966.0,0.464,1739158583571,False
1739158583591, BTCUSDT, 96965.5, 0.004, 22:36:23, True
1739158583609, BTCUSDT, 96965.9, 0.012, 22:36:23, True
1739158583640, BTCUSDT, 96966.0, 0.002, 22:36:23, False
1739158583646, BTCUSDT, 96965.9, 0.021, 22:36:23, True
1739158583646, BTCUSDT, 96965.0, 0.002, 22:36:23, True
1739158583656, BTCUSDT, 96964.0, 0.002, 22:36:23, True
1739158583717, BTCUSDT, 96960.1, 0.04, 22:36:23, False
1739158583783, BTCUSDT, 96960.0, 0.038, 22:36:23, True
1739158583805, BTCUSDT, 96959.9, 0.002, 22:36:23, True
1739158583805, BTCUSDT, 96959.1, 0.002, 22:36:23, True
1739158583805, BTCUSDT, 96959.0, 0.002, 22:36:23, True
1739158583805, BTCUSDT, 96958.2, 0.002, 22:36:23, True
1739158583805, BTCUSDT, 96957.2, 0.002, 22:36:23, True
1739158583805, BTCUSDT, 96956.2, 0.002, 22:36:23, True
1739158583805, BTCUSDT, 96956.1, 0.017, 22:36:23, True
1739158583805, BTCUSDT, 96956.0, 0.072, 22:36:23, True
1739158583805, BTCUSDT, 96955.3, 0.002, 22:36:23, True
1739158583805, BTCUSDT, 96955.2, 0.041, 22:36:23, True
1739158583805, BTCUSDT, 96955.1, 0.002, 22:36:23, True
1739158583805, BTCUSDT, 96955.0, 0.002, 22:36:23, True
1739158583805, BTCUSDT, 96954.8, 0.144, 22:36:23, True
1739158583881, BTCUSDT,2568343940,96954.9,0.174,1739158583872,False
1739158583872, BTCUSDT, 96954.9, 0.174, 22:36:23, False
1739158583876, BTCUSDT, 96954.8, 0.008, 22:36:23, True
1739158583892, BTCUSDT, 96954.9, 0.027, 22:36:23, False
1739158583958, BTCUSDT, 96954.8, 0.019, 22:36:23, True
1739158584182, BTCUSDT, 96954.8, 0.014, 22:36:24, True
1739158584322, BTCUSDT, 96954.8, 0.022, 22:36:24, True
1739158584424, BTCUSDT, 96954.8, 0.005, 22:36:24, True
1739158584565, BTCUSDT,2568343947,96954.9,0.358,1739158584439,False
1739158584561, BTCUSDT, 96954.8, 0.003, 22:36:24, True
1739158584703, BTCUSDT, 96954.9, 0.03, 22:36:24, False
1739158584716, BTCUSDT, 96954.8, 0.019, 22:36:24, True
1739158584904, BTCUSDT,2568343951,96954.8,4.011,1739158584902,True
1739158584902, BTCUSDT, 96954.8, 4.011, 22:36:24, True
1739158584902, BTCUSDT, 96954.7, 0.004, 22:36:24, True
1739158584907, BTCUSDT,2568343954,96954.0,1.91,1739158584902,True
1739158584902, BTCUSDT, 96954.2, 0.002, 22:36:24, True
1739158584902, BTCUSDT, 96954.0, 1.91, 22:36:24, True
1739158584904, BTCUSDT, 96953.9, 0.002, 22:36:24, True
1739158584904, BTCUSDT, 96952.9, 0.004, 22:36:24, True
1739158584912, BTCUSDT, 96952.4, 0.002, 22:36:24, True
1739158584912, BTCUSDT, 96951.6, 0.003, 22:36:24, True
1739158584927, BTCUSDT,2568343959,96951.5,0.252,1739158584923,True
1739158584923, BTCUSDT, 96951.5, 0.252, 22:36:24, True
1739158584923, BTCUSDT, 96951.3, 0.002, 22:36:24, True
1739158584924, BTCUSDT, 96950.6, 0.002, 22:36:24, True
1739158584924, BTCUSDT, 96950.5, 0.002, 22:36:24, True
1739158584928, BTCUSDT, 96950.2, 0.002, 22:36:24, True
1739158584928, BTCUSDT, 96949.5, 0.002, 22:36:24, True
1739158584928, BTCUSDT, 96949.3, 0.002, 22:36:24, True
1739158584928, BTCUSDT, 96949.2, 0.146, 22:36:24, True
1739158585039, BTCUSDT, 96949.2, 0.326, 22:36:25, True
1739158585076, BTCUSDT,2568343967,96949.2,0.326,1739158585039,True
1739158585073, BTCUSDT, 96948.5, 0.002, 22:36:25, True
1739158585073, BTCUSDT, 96948.2, 0.002, 22:36:25, True
1739158585073, BTCUSDT, 96947.5, 0.002, 22:36:25, True
1739158585073, BTCUSDT, 96946.5, 0.002, 22:36:25, True
1739158585073, BTCUSDT, 96946.3, 0.002, 22:36:25, True
1739158585077, BTCUSDT, 96946.2, 0.298, 22:36:25, True
1739158585166, BTCUSDT,2568343973,96946.2,0.298,1739158585077,True
1739158585163, BTCUSDT, 96946.3, 0.002, 22:36:25, False
1739158585224, BTCUSDT, 96946.2, 0.002, 22:36:25, True
1739158585332, BTCUSDT, 96946.3, 0.002, 22:36:25, False
1739158585683, BTCUSDT, 96946.3, 3.163, 22:36:25, False
1739158585695, BTCUSDT, 96946.7, 0.002, 22:36:25, False
1739158585699, BTCUSDT,2568343977,96946.3,3.163,1739158585683,False
1739158585695, BTCUSDT, 96947.2, 0.002, 22:36:25, False
1739158585695, BTCUSDT, 96947.4, 0.002, 22:36:25, False
1739158585704, BTCUSDT, 96949.1, 0.002, 22:36:25, False
1739158585704, BTCUSDT, 96949.3, 0.036, 22:36:25, False
1739158585770, BTCUSDT, 96949.2, 0.708, 22:36:25, True
1739158585924, BTCUSDT,2568343983,96949.2,0.708,1739158585770,True
1739158586095, BTCUSDT,2568343984,96949.2,0.527,1739158586029,True
1739158586029, BTCUSDT, 96949.2, 0.527, 22:36:26, True
1739158586090, BTCUSDT, 96949.3, 0.005, 22:36:26, False
1739158586135, BTCUSDT, 96949.2, 0.108, 22:36:26, True
1739158586256, BTCUSDT, 96949.3, 0.003, 22:36:26, False
1739158586280, BTCUSDT, 96949.2, 0.281, 22:36:26, True
1739158586421, BTCUSDT,2568343988,96949.2,0.281,1739158586280,True
1739158586417, BTCUSDT, 96949.3, 0.152, 22:36:26, False
1739158586476, BTCUSDT, 96949.2, 0.008, 22:36:26, True
1739158586591, BTCUSDT, 96949.2, 0.002, 22:36:26, True
1739158586598, BTCUSDT, 96949.3, 0.202, 22:36:26, False
1739158586705, BTCUSDT,2568343992,96949.3,0.202,1739158586598,False
1739158586701, BTCUSDT, 96949.3, 0.03, 22:36:26, False
1739158586713, BTCUSDT, 96949.2, 0.102, 22:36:26, True
1739158586715, BTCUSDT, 96949.3, 0.252, 22:36:26, False
1739158586784, BTCUSDT,2568343995,96949.3,0.252,1739158586715,False
1739158586780, BTCUSDT, 96949.2, 0.187, 22:36:26, True
1739158586882, BTCUSDT,2568343996,96949.2,0.187,1739158586780,True
1739158586879, BTCUSDT, 96949.3, 0.01, 22:36:26, False
1739158586936, BTCUSDT, 96949.2, 0.102, 22:36:26, True
1739158586967, BTCUSDT, 96949.3, 0.001, 22:36:26, False
1739158586994, BTCUSDT, 96949.2, 0.05, 22:36:26, True
1739158587004, BTCUSDT, 96949.3, 0.018, 22:36:27, False
1739158587183, BTCUSDT, 96949.2, 0.017, 22:36:27, True
1739158587241, BTCUSDT, 96949.3, 0.103, 22:36:27, False
1739158587262, BTCUSDT, 96949.2, 0.043, 22:36:27, True
1739158587379, BTCUSDT, 96949.2, 0.006, 22:36:27, True
1739158587453, BTCUSDT, 96949.3, 0.007, 22:36:27, False
1739158587508, BTCUSDT, 96949.2, 1.021, 22:36:27, True
1739158587663, BTCUSDT,2568344007,96949.2,1.021,1739158587508,True
1739158587720, BTCUSDT, 96949.3, 0.599, 22:36:27, False
1739158587751, BTCUSDT,2568344008,96949.3,0.599,1739158587720,False
1739158587748, BTCUSDT, 96949.2, 0.01, 22:36:27, True
1739158587861, BTCUSDT, 96949.2, 0.581, 22:36:27, True
1739158587934, BTCUSDT,2568344010,96949.2,0.581,1739158587861,True
1739158587930, BTCUSDT, 96949.3, 0.002, 22:36:27, False
1739158587949, BTCUSDT, 96949.2, 0.389, 22:36:27, True
1739158588067, BTCUSDT,2568344012,96949.2,0.389,1739158587949,True
1739158588065, BTCUSDT, 96949.2, 0.558, 22:36:28, True
1739158588127, BTCUSDT, 96949.3, 2.214, 22:36:28, False
1739158588133, BTCUSDT,2568344013,96949.2,0.558,1739158588065,True
1739158588127, BTCUSDT, 96949.6, 0.003, 22:36:28, False
1739158588133, BTCUSDT,2568344014,96949.3,2.214,1739158588127,False
1739158588127, BTCUSDT, 96950.0, 0.037, 22:36:28, False
1739158588127, BTCUSDT, 96950.1, 0.002, 22:36:28, False
1739158588133, BTCUSDT,2568344019,96950.3,0.354,1739158588127,False
1739158588127, BTCUSDT, 96950.2, 0.002, 22:36:28, False
1739158588127, BTCUSDT, 96950.3, 0.354, 22:36:28, False
1739158588127, BTCUSDT, 96951.1, 0.051, 22:36:28, False
1739158588127, BTCUSDT, 96951.3, 0.122, 22:36:28, False
1739158588549, BTCUSDT,2568344022,96951.2,1.406,1739158588406,True
1739158588406, BTCUSDT, 96951.2, 1.406, 22:36:28, True
1739158588545, BTCUSDT, 96951.2, 0.012, 22:36:28, True
1739158588680, BTCUSDT, 96951.2, 0.037, 22:36:28, True
1739158588700, BTCUSDT, 96951.3, 0.03, 22:36:28, False
1739158588787, BTCUSDT, 96951.2, 0.005, 22:36:28, True
1739158588841, BTCUSDT, 96951.3, 0.003, 22:36:28, False
1739158588967, BTCUSDT, 96951.2, 0.002, 22:36:28, True
1739158589020, BTCUSDT, 96951.3, 0.005, 22:36:29, False
1739158589096, BTCUSDT, 96951.2, 0.086, 22:36:29, True
1739158589326, BTCUSDT, 96951.2, 0.089, 22:36:29, True
1739158589522, BTCUSDT, 96951.3, 0.52, 22:36:29, False
1739158589607, BTCUSDT,2568344032,96951.3,0.52,1739158589522,False
1739158589604, BTCUSDT, 96951.2, 0.017, 22:36:29, True
1739158589699, BTCUSDT, 96951.3, 0.03, 22:36:29, False
1739158589752, BTCUSDT, 96951.2, 1.0, 22:36:29, True
1739158589908, BTCUSDT,2568344035,96951.2,1.0,1739158589752,True
1739158589978, BTCUSDT, 96951.3, 0.157, 22:36:29, False
1739158590095, BTCUSDT,2568344036,96951.3,0.157,1739158589978,False
1739158590091, BTCUSDT, 96951.2, 0.008, 22:36:30, True
1739158590212, BTCUSDT, 96951.2, 0.005, 22:36:30, True
1739158590318, BTCUSDT, 96951.2, 0.548, 22:36:30, True
1739158590464, BTCUSDT,2568344039,96951.2,0.548,1739158590318,True
1739158590460, BTCUSDT, 96951.2, 0.011, 22:36:30, True
1739158590511, BTCUSDT, 96951.3, 2.119, 22:36:30, False
1739158590567, BTCUSDT,2568344041,96951.3,2.119,1739158590511,False
1739158590564, BTCUSDT, 96951.2, 0.049, 22:36:30, True
1739158590707, BTCUSDT, 96951.2, 0.011, 22:36:30, True
1739158590712, BTCUSDT, 96951.3, 0.03, 22:36:30, False
1739158590712, BTCUSDT, 96951.2, 0.006, 22:36:30, True
1739158590813, BTCUSDT, 96951.3, 0.003, 22:36:30, False
1739158590908, BTCUSDT, 96951.2, 0.172, 22:36:30, True
1739158591063, BTCUSDT,2568344047,96951.2,0.172,1739158590908,True
1739158591063, BTCUSDT, 96951.2, 0.008, 22:36:31, True
1739158591334, BTCUSDT, 96951.2, 0.078, 22:36:31, True
1739158591529, BTCUSDT, 96951.2, 2.28, 22:36:31, True
1739158591660, BTCUSDT,2568344050,96951.2,2.28,1739158591529,True
1739158591670, BTCUSDT,2568344051,96951.3,1.567,1739158591656,False
1739158591656, BTCUSDT, 96951.3, 1.567, 22:36:31, False
1739158591666, BTCUSDT, 96951.6, 0.002, 22:36:31, False
1739158591666, BTCUSDT, 96951.9, 0.007, 22:36:31, False
1739158591666, BTCUSDT, 96952.0, 0.002, 22:36:31, False
1739158591666, BTCUSDT, 96952.2, 0.008, 22:36:31, False
1739158591666, BTCUSDT, 96952.3, 0.005, 22:36:31, False
1739158591666, BTCUSDT, 96952.9, 0.002, 22:36:31, False
1739158591666, BTCUSDT, 96953.2, 0.002, 22:36:31, False
1739158591666, BTCUSDT, 96953.4, 0.002, 22:36:31, False
1739158591674, BTCUSDT, 96953.4, 0.004, 22:36:31, True
1739158591712, BTCUSDT, 96953.5, 0.03, 22:36:31, False
1739158591800, BTCUSDT, 96953.4, 0.012, 22:36:31, True
1739158591971, BTCUSDT, 96953.4, 9.132, 22:36:31, True
1739158591983, BTCUSDT,2568344063,96953.4,9.132,1739158591971,True
1739158591980, BTCUSDT, 96953.3, 0.009, 22:36:31, True
1739158591980, BTCUSDT, 96953.1, 0.002, 22:36:31, True
1739158591981, BTCUSDT, 96952.1, 0.002, 22:36:31, True
1739158591981, BTCUSDT, 96951.6, 0.002, 22:36:31, True
1739158591981, BTCUSDT, 96951.5, 0.002, 22:36:31, True
1739158591981, BTCUSDT, 96951.4, 0.002, 22:36:31, True
1739158591981, BTCUSDT, 96951.3, 1.744, 22:36:31, True
1739158592098, BTCUSDT,2568344070,96951.3,1.744,1739158591981,True
1739158592095, BTCUSDT, 96951.3, 0.31, 22:36:32, True
1739158592104, BTCUSDT,2568344071,96951.3,0.31,1739158592095,True
1739158592100, BTCUSDT, 96951.4, 0.015, 22:36:32, False
1739158592195, BTCUSDT, 96951.3, 0.004, 22:36:32, True
1739158592231, BTCUSDT, 96951.4, 0.005, 22:36:32, False
1739158592247, BTCUSDT, 96951.3, 0.004, 22:36:32, True
1739158592325, BTCUSDT, 96951.4, 0.01, 22:36:32, False
1739158592378, BTCUSDT, 96951.3, 0.01, 22:36:32, True
1739158592380, BTCUSDT, 96951.4, 0.032, 22:36:32, False
1739158592427, BTCUSDT, 96951.3, 1.022, 22:36:32, True
1739158592500, BTCUSDT,2568344079,96951.3,1.022,1739158592427,True
1739158592497, BTCUSDT, 96951.4, 0.006, 22:36:32, False
1739158592499, BTCUSDT, 96951.3, 0.041, 22:36:32, True
1739158592564, BTCUSDT, 96951.4, 0.007, 22:36:32, False
1739158592583, BTCUSDT, 96951.3, 0.471, 22:36:32, True
1739158592675, BTCUSDT,2568344083,96951.3,0.471,1739158592583,True
1739158592672, BTCUSDT, 96951.3, 0.003, 22:36:32, False
1739158592713, BTCUSDT, 96951.2, 0.033, 22:36:32, True
1739158592715, BTCUSDT, 96951.3, 0.03, 22:36:32, False
1739158592733, BTCUSDT, 96951.2, 0.159, 22:36:32, True
1739158592872, BTCUSDT,2568344087,96951.2,0.159,1739158592733,True
1739158592869, BTCUSDT, 96951.2, 0.029, 22:36:32, True
1739158592897, BTCUSDT, 96951.3, 0.002, 22:36:32, False
1739158592926, BTCUSDT, 96951.2, 0.002, 22:36:32, True
1739158592967, BTCUSDT, 96951.3, 0.023, 22:36:32, False
1739158592996, BTCUSDT, 96951.2, 0.226, 22:36:32, True
1739158593124, BTCUSDT,2568344092,96951.2,0.226,1739158592996,True
1739158593121, BTCUSDT, 96951.2, 0.018, 22:36:33, True
1739158593171, BTCUSDT, 96951.3, 2.081, 22:36:33, False
1739158593217, BTCUSDT,2568344094,96951.3,2.081,1739158593171,False
1739158593214, BTCUSDT, 96951.2, 3.714, 22:36:33, True
1739158593233, BTCUSDT,2568344095,96951.2,3.714,1739158593214,True
1739158593231, BTCUSDT, 96951.3, 0.801, 22:36:33, False
1739158593301, BTCUSDT,2568344096,96951.3,0.801,1739158593231,False
1739158593297, BTCUSDT, 96951.2, 0.005, 22:36:33, True
1739158593435, BTCUSDT, 96951.3, 0.011, 22:36:33, False
1739158593476, BTCUSDT, 96951.2, 0.002, 22:36:33, True
1739158593515, BTCUSDT, 96951.3, 0.111, 22:36:33, False
1739158593545, BTCUSDT, 96951.2, 0.025, 22:36:33, True
1739158593566, BTCUSDT, 96951.3, 1.144, 22:36:33, False
1739158593688, BTCUSDT,2568344102,96951.3,1.144,1739158593566,False
1739158593686, BTCUSDT, 96951.3, 0.002, 22:36:33, False
1739158593709, BTCUSDT, 96951.2, 0.031, 22:36:33, True
1739158593711, BTCUSDT, 96951.3, 0.03, 22:36:33, False
1739158593760, BTCUSDT, 96951.2, 1.54, 22:36:33, True
1739158593881, BTCUSDT,2568344106,96951.2,1.54,1739158593760,True
1739158593876, BTCUSDT, 96951.2, 0.047, 22:36:33, True
1739158593930, BTCUSDT, 96951.3, 0.031, 22:36:33, False
1739158594032, BTCUSDT, 96951.2, 0.047, 22:36:34, True
1739158594111, BTCUSDT, 96951.3, 0.034, 22:36:34, False
1739158594127, BTCUSDT, 96951.2, 0.046, 22:36:34, True
1739158594146, BTCUSDT, 96951.3, 0.014, 22:36:34, False
1739158594319, BTCUSDT, 96951.2, 0.002, 22:36:34, True
1739158594422, BTCUSDT, 96951.2, 0.056, 22:36:34, True
1739158594557, BTCUSDT, 96951.2, 0.019, 22:36:34, True
1739158594737, BTCUSDT, 96951.2, 0.006, 22:36:34, True
1739158594826, BTCUSDT, 96951.3, 0.006, 22:36:34, False
1739158594909, BTCUSDT, 96951.2, 0.011, 22:36:34, True
1739158594948, BTCUSDT, 96951.3, 6.0, 22:36:34, False
1739158595054, BTCUSDT,2568344119,96951.3,6.0,1739158594948,False
1739158595051, BTCUSDT, 96951.2, 0.005, 22:36:35, True
1739158595058, BTCUSDT, 96951.3, 0.031, 22:36:35, False
1739158595082, BTCUSDT, 96951.4, 0.316, 22:36:35, False
5082,False
1739158595082, BTCUSDT, 96952.2, 0.005, 22:36:35, False
1739158595101, BTCUSDT, 96953.0, 0.01, 22:36:35, False
1739158595110, BTCUSDT,2568344127,96954.0,0.254,1739158595104,False
1739158595102, BTCUSDT, 96953.5, 0.083, 22:36:35, False
1739158595104, BTCUSDT, 96953.7, 0.028, 22:36:35, False
1739158595104, BTCUSDT, 96954.0, 0.254, 22:36:35, False
1739158595104, BTCUSDT, 96954.4, 0.002, 22:36:35, False
1739158595104, BTCUSDT, 96954.7, 0.002, 22:36:35, False
1739158595104, BTCUSDT, 96954.8, 0.502, 22:36:35, False
1739158595119, BTCUSDT, 96955.1, 0.06, 22:36:35, False
1739158595121, BTCUSDT,2568344130,96954.8,0.502,1739158595104,False
1739158595121, BTCUSDT, 96956.0, 0.009, 22:36:35, False
1739158595121, BTCUSDT, 96956.2, 0.051, 22:36:35, False
1739158595121, BTCUSDT, 96956.3, 0.002, 22:36:35, False
1739158595121, BTCUSDT, 96956.4, 0.04, 22:36:35, False
1739158595129, BTCUSDT, 96957.3, 0.002, 22:36:35, False
1739158595129, BTCUSDT, 96958.2, 0.002, 22:36:35, False
1739158595129, BTCUSDT, 96958.3, 0.003, 22:36:35, False
1739158595148, BTCUSDT,2568344139,96958.4,0.441,1739158595129,False
1739158595129, BTCUSDT, 96958.4, 0.441, 22:36:35, False
1739158595144, BTCUSDT, 96958.3, 0.011, 22:36:35, True
1739158595197, BTCUSDT, 96958.4, 0.684, 22:36:35, False
1739158595228, BTCUSDT,2568344141,96958.4,0.684,1739158595197,False
1739158595226, BTCUSDT, 96958.3, 0.021, 22:36:35, True
1739158595333, BTCUSDT, 96958.4, 0.128, 22:36:35, False
1739158595466, BTCUSDT, 96958.4, 0.012, 22:36:35, False
1739158595466, BTCUSDT, 96958.3, 0.071, 22:36:35, True
1739158595484, BTCUSDT, 96958.4, 0.201, 22:36:35, False
1739158595626, BTCUSDT,2568344146,96958.4,0.201,1739158595484,False
1739158595729, BTCUSDT,2568344147,96958.3,0.542,1739158595624,True
1739158595624, BTCUSDT, 96958.3, 0.542, 22:36:35, True
1739158595725, BTCUSDT, 96958.3, 0.053, 22:36:35, True
1739158595918, BTCUSDT, 96958.3, 0.003, 22:36:35, True
1739158595931, BTCUSDT, 96958.4, 0.003, 22:36:35, False
1739158596121, BTCUSDT, 96958.3, 0.008, 22:36:36, True
1739158596131, BTCUSDT, 96958.4, 0.009, 22:36:36, False
1739158596216, BTCUSDT, 96958.3, 0.001, 22:36:36, True
1739158596362, BTCUSDT, 96958.3, 0.564, 22:36:36, True
1739158596374, BTCUSDT,2568344154,96958.3,0.564,1739158596362,True
1739158596372, BTCUSDT, 96958.4, 0.002, 22:36:36, False
1739158596426, BTCUSDT, 96958.3, 0.01, 22:36:36, True
1739158596579, BTCUSDT, 96958.3, 0.066, 22:36:36, True
1739158596730, BTCUSDT, 96958.4, 0.006, 22:36:36, False
1739158596996, BTCUSDT, 96958.4, 0.007, 22:36:36, False
1739158597095, BTCUSDT, 96958.3, 0.03, 22:36:37, True
1739158597295, BTCUSDT, 96958.3, 0.061, 22:36:37, True
1739158597337, BTCUSDT, 96958.4, 0.084, 22:36:37, False
1739158597543, BTCUSDT, 96958.4, 0.015, 22:36:37, False
1739158597681, BTCUSDT, 96958.3, 0.063, 22:36:37, True
1739158597757, BTCUSDT,2568344165,96958.4,0.868,1739158597753,False
1739158597753, BTCUSDT, 96958.4, 0.868, 22:36:37, False
1739158597753, BTCUSDT, 96958.5, 0.005, 22:36:37, False
1739158597753, BTCUSDT, 96958.8, 0.002, 22:36:37, False
1739158597753, BTCUSDT, 96959.0, 0.002, 22:36:37, False
1739158597753, BTCUSDT, 96959.9, 0.008, 22:36:37, False
1739158597753, BTCUSDT, 96960.0, 0.106, 22:36:37, False
1739158597753, BTCUSDT, 96960.2, 0.002, 22:36:37, False
1739158597753, BTCUSDT, 96960.3, 0.244, 22:36:37, False
1739158597786, BTCUSDT,2568344172,96960.3,0.244,1739158597753,False
1739158597782, BTCUSDT, 96960.2, 0.002, 22:36:37, True
1739158597907, BTCUSDT, 96960.2, 0.005, 22:36:37, True
1739158597936, BTCUSDT, 96960.3, 0.011, 22:36:37, False
1739158598049, BTCUSDT, 96960.2, 1.107, 22:36:38, True
1739158598204, BTCUSDT,2568344176,96960.2,1.107,1739158598049,True
1739158598210, BTCUSDT, 96960.2, 0.108, 22:36:38, True
1739158598316, BTCUSDT, 96960.2, 0.006, 22:36:38, True
1739158598357, BTCUSDT, 96960.3, 0.004, 22:36:38, False
1739158598386, BTCUSDT, 96960.2, 0.08, 22:36:38, True
1739158598594, BTCUSDT, 96960.2, 0.069, 22:36:38, True
1739158598608, BTCUSDT, 96960.3, 0.085, 22:36:38, False
1739158598718, BTCUSDT, 96960.2, 0.33, 22:36:38, True
1739158598847, BTCUSDT,2568344183,96960.2,0.33,1739158598718,True
1739158598843, BTCUSDT, 96960.3, 0.051, 22:36:38, False
1739158598938, BTCUSDT, 96960.2, 0.032, 22:36:38, True
1739158599088, BTCUSDT, 96960.2, 0.287, 22:36:39, True
1739158599153, BTCUSDT,2568344186,96960.2,0.287,1739158599088,True
1739158599150, BTCUSDT, 96960.3, 0.002, 22:36:39, False
1739158599302, BTCUSDT, 96960.3, 0.04, 22:36:39, False
1739158599500, BTCUSDT,2568344189,96960.2,2.3,1739158599346,True
1739158599346, BTCUSDT, 96960.2, 2.3, 22:36:39, True
1739158599500, BTCUSDT, 96960.3, 0.103, 22:36:39, False
1739158599555, BTCUSDT, 96960.2, 0.003, 22:36:39, True
1739158599560, BTCUSDT, 96960.3, 0.002, 22:36:39, False
1739158599868, BTCUSDT, 96960.2, 0.054, 22:36:39, True
1739158600029, BTCUSDT, 96960.2, 0.105, 22:36:40, True
1739158600169, BTCUSDT, 96960.2, 0.087, 22:36:40, True
1739158600207, BTCUSDT, 96960.3, 0.051, 22:36:40, False
1739158600230, BTCUSDT, 96960.2, 0.001, 22:36:40, True
1739158600283, BTCUSDT, 96960.3, 0.01, 22:36:40, False
1739158600307, BTCUSDT, 96960.2, 0.123, 22:36:40, True
1739158600382, BTCUSDT, 96960.3, 0.003, 22:36:40, False
1739158600440, BTCUSDT, 96960.2, 0.453, 22:36:40, True
1739158600594, BTCUSDT,2568344201,96960.2,0.453,1739158600440,True
1739158600672, BTCUSDT, 96960.2, 0.154, 22:36:40, True
1739158600792, BTCUSDT, 96960.2, 0.051, 22:36:40, True
1739158600905, BTCUSDT,2568344204,96960.3,3.36,1739158600859,False
1739158600859, BTCUSDT, 96960.3, 3.36, 22:36:40, False
1739158600901, BTCUSDT, 96960.6, 0.003, 22:36:40, False
1739158600901, BTCUSDT, 96960.7, 0.002, 22:36:40, False
1739158600901, BTCUSDT, 96960.9, 0.003, 22:36:40, False
1739158600901, BTCUSDT, 96961.0, 0.006, 22:36:40, False
1739158600902, BTCUSDT, 96961.1, 0.003, 22:36:40, False
1739158600902, BTCUSDT, 96961.2, 0.008, 22:36:40, False
1739158600902, BTCUSDT, 96961.3, 0.005, 22:36:40, False
1739158600935, BTCUSDT, 96961.4, 0.007, 22:36:40, False
1739158600935, BTCUSDT, 96961.7, 0.005, 22:36:40, False
1739158600938, BTCUSDT, 96961.9, 0.01, 22:36:40, False
1739158600938, BTCUSDT, 96962.0, 0.002, 22:36:40, False
1739158600938, BTCUSDT, 96962.2, 0.002, 22:36:40, False
1739158600938, BTCUSDT, 96962.3, 0.002, 22:36:40, False
1739158600938, BTCUSDT, 96962.8, 0.006, 22:36:40, False
1739158600938, BTCUSDT, 96962.9, 0.002, 22:36:40, False
1739158600938, BTCUSDT, 96963.9, 0.002, 22:36:40, False
1739158601119, BTCUSDT, 96964.1, 0.079, 22:36:41, True
1739158601165, BTCUSDT,2568344222,96964.2,1.33,1739158601161,False
1739158601161, BTCUSDT, 96964.2, 1.33, 22:36:41, False
1739158601177, BTCUSDT,2568344223,96964.3,0.863,1739158601161,False
1739158601172, BTCUSDT, 96965.0, 0.106, 22:36:41, False
1739158601175, BTCUSDT, 96965.7, 0.002, 22:36:41, False
1739158601175, BTCUSDT, 96965.9, 0.002, 22:36:41, False
1739158601175, BTCUSDT, 96966.2, 0.061, 22:36:41, False
1739158601177, BTCUSDT, 96966.7, 0.061, 22:36:41, False
1739158601177, BTCUSDT, 96967.0, 0.061, 22:36:41, False
1739158601177, BTCUSDT, 96967.4, 0.007, 22:36:41, False
1739158601187, BTCUSDT, 96967.5, 0.061, 22:36:41, False
1739158601190, BTCUSDT, 96967.7, 0.026, 22:36:41, False
1739158601190, BTCUSDT, 96967.9, 0.002, 22:36:41, False
1739158601216, BTCUSDT,2568344235,96968.1,0.847,1739158601210,True
1739158601198, BTCUSDT, 96968.1, 0.087, 22:36:41, False
1739158601210, BTCUSDT, 96968.1, 0.847, 22:36:41, True
1739158601211, BTCUSDT, 96968.2, 0.002, 22:36:41, False
1739158601211, BTCUSDT, 96968.5, 0.002, 22:36:41, False
1739158601211, BTCUSDT, 96968.7, 0.002, 22:36:41, False
1739158601211, BTCUSDT, 96968.8, 0.005, 22:36:41, False
1739158601211, BTCUSDT, 96969.0, 0.061, 22:36:41, False
1739158601211, BTCUSDT, 96969.1, 0.006, 22:36:41, False
1739158601211, BTCUSDT, 96969.3, 0.006, 22:36:41, False
1739158601211, BTCUSDT, 96969.5, 0.002, 22:36:41, False
1739158601211, BTCUSDT, 96969.7, 0.012, 22:36:41, False
1739158601211, BTCUSDT, 96969.8, 0.002, 22:36:41, False
1739158601274, BTCUSDT, 96969.9, 0.002, 22:36:41, True
1739158601366, BTCUSDT,2568344247,96970.0,5.637,1739158601293,False
1739158601293, BTCUSDT, 96970.0, 5.637, 22:36:41, False
1739158601362, BTCUSDT, 96970.4, 0.002, 22:36:41, False
1739158601362, BTCUSDT, 96970.9, 0.002, 22:36:41, False
1739158601362, BTCUSDT, 96971.1, 0.07, 22:36:41, False
1739158601362, BTCUSDT, 96971.3, 0.014, 22:36:41, False
1739158601365, BTCUSDT, 96971.6, 0.002, 22:36:41, False
1739158601388, BTCUSDT, 96972.2, 0.051, 22:36:41, False
1739158601391, BTCUSDT, 96972.4, 0.002, 22:36:41, False
1739158601391, BTCUSDT, 96972.5, 0.002, 22:36:41, False
1739158601391, BTCUSDT, 96972.6, 0.002, 22:36:41, False
1739158601391, BTCUSDT, 96973.2, 0.003, 22:36:41, False
1739158601391, BTCUSDT, 96973.3, 0.002, 22:36:41, False
1739158601391, BTCUSDT, 96973.6, 0.002, 22:36:41, False
1739158601396, BTCUSDT, 96973.9, 0.868, 22:36:41, True
01396,True
1739158601607, BTCUSDT, 96974.0, 2.565, 22:36:41, False
1739158601610, BTCUSDT,2568344261,96974.0,2.565,1739158601607,False
1739158601607, BTCUSDT, 96974.1, 0.104, 22:36:41, False
1739158601607, BTCUSDT, 96974.9, 0.013, 22:36:41, False
1739158601607, BTCUSDT, 96975.1, 0.002, 22:36:41, False
1739158601607, BTCUSDT, 96975.3, 0.208, 22:36:41, False
1739158601612, BTCUSDT,2568344265,96975.3,0.208,1739158601607,False
1739158601607, BTCUSDT, 96975.4, 0.013, 22:36:41, False
1739158601612, BTCUSDT,2568344269,96975.8,0.53,1739158601607,False
1739158601607, BTCUSDT, 96975.5, 0.015, 22:36:41, False
1739158601607, BTCUSDT, 96975.6, 0.009, 22:36:41, False
1739158601612, BTCUSDT,2568344270,96975.9,1.0,1739158601607,False
1739158601607, BTCUSDT, 96975.8, 0.53, 22:36:41, False
1739158601607, BTCUSDT, 96975.9, 1.0, 22:36:41, False
1739158601612, BTCUSDT,2568344288,96979.0,0.62,1739158601607,False
1739158601607, BTCUSDT, 96976.0, 0.037, 22:36:41, False
1739158601612, BTCUSDT,2568344289,96979.1,0.208,1739158601607,False
1739158601607, BTCUSDT, 96976.1, 0.006, 22:36:41, False
1739158601607, BTCUSDT, 96976.3, 0.002, 22:36:41, False
1739158601612, BTCUSDT,2568344290,96979.2,0.469,1739158601607,False
1739158601607, BTCUSDT, 96976.5, 0.063, 22:36:41, False
1739158601607, BTCUSDT, 96977.0, 0.063, 22:36:41, False
1739158601607, BTCUSDT, 96977.2, 0.105, 22:36:41, False
1739158601607, BTCUSDT, 96977.4, 0.061, 22:36:41, False
1739158601607, BTCUSDT, 96977.5, 0.002, 22:36:41, False
1739158601607, BTCUSDT, 96977.6, 0.002, 22:36:41, False
1739158601607, BTCUSDT, 96977.7, 0.013, 22:36:41, False
1739158601607, BTCUSDT, 96977.8, 0.08, 22:36:41, False
1739158601612, BTCUSDT,2568344298,96980.7,0.161,1739158601607,False
1739158601607, BTCUSDT, 96978.0, 0.032, 22:36:41, False
1739158601607, BTCUSDT, 96978.1, 0.003, 22:36:41, False
1739158601607, BTCUSDT, 96978.2, 0.002, 22:36:41, False
1739158601613, BTCUSDT,2568344311,96983.6,0.659,1739158601608,False
1739158601607, BTCUSDT, 96978.4, 0.002, 22:36:41, False
1739158601613, BTCUSDT,2568344312,96983.7,1.271,1739158601608,False
1739158601607, BTCUSDT, 96978.8, 0.051, 22:36:41, False
1739158601607, BTCUSDT, 96978.9, 0.002, 22:36:41, False
1739158601607, BTCUSDT, 96979.0, 0.62, 22:36:41, False
1739158601607, BTCUSDT, 96979.1, 0.208, 22:36:41, False
1739158601607, BTCUSDT, 96979.2, 0.469, 22:36:41, False
1739158601607, BTCUSDT, 96979.4, 0.081, 22:36:41, False
1739158601607, BTCUSDT, 96979.8, 0.002, 22:36:41, False
1739158601607, BTCUSDT, 96979.9, 0.104, 22:36:41, False
1739158601607, BTCUSDT, 96980.0, 0.144, 22:36:41, False
