Event Time, Symbol, Aggregate Trade ID, Price, Quantity, First Trade ID, Trade Time, Is Buyer Maker
1739158328162, DOGEUSDT,851978363,0.24781,64279.0,1739158328130,True
1739158333508, DOGEUSDT,851978499,0.24786,75568.0,1739158333353,False
1739158335360, DOGEUSDT,851978529,0.24775,181232.0,1739158335287,True
1739158336839, DOGEUSDT,851978575,0.24788,329012.0,1739158336786,True
1739158336919, DOGEUSDT,851978577,0.24788,106941.0,1739158336839,True
1739158340900, DOGEUSDT,851978631,0.24771,74586.0,1739158340894,True
1739158341566, DOGEUSDT,851978644,0.24767,95381.0,1739158341557,False
1739158342704, DOGEUSDT,851978681,0.24763,94257.0,1739158342700,True
1739158342704, DOGEUSDT,851978682,0.24762,269515.0,1739158342700,True
1739158345097, DOGEUSDT,851978735,0.24762,182164.0,1739158345094,False
1739158345404, DOGEUSDT,851978741,0.24756,209778.0,1739158345382,True
1739158345940, DOGEUSDT,851978764,0.24761,101509.0,1739158345921,False
1739158346463, DOGEUSDT,851978786,0.24741,148768.0,1739158346457,True
1739158346463, DOGEUSDT,851978787,0.2474,189937.0,1739158346457,True
1739158346897, DOGEUSDT,851978794,0.24745,93727.0,1739158346868,True
1739158351953, DOGEUSDT,851978892,0.2478,103498.0,1739158351941,True
1739158353901, DOGEUSDT,851978919,0.24791,170442.0,1739158353892,True
1739158355299, DOGEUSDT,851978940,0.24795,209878.0,1739158355291,True
1739158356413, DOGEUSDT,851978965,0.24798,71229.0,1739158356295,False
1739158356530, DOGEUSDT,851978967,0.248,270637.0,1739158356426,False
1739158356609, DOGEUSDT,851978969,0.24801,122639.0,1739158356595,True
1739158566052, DOGEUSDT,851985840,0.25085,86732.0,1739158566049,True
1739158566054, DOGEUSDT,851985843,0.25082,92914.0,1739158566049,True
1739158566292, DOGEUSDT, 0.25084, 127.0, 22:36:06, True
1739158566424, DOGEUSDT, 0.25084, 29491.0, 22:36:06, False
1739158566623, DOGEUSDT, 0.25084, 19993.0, 22:36:06, False
1739158566635, DOGEUSDT, 0.25085, 10555.0, 22:36:06, False
1739158566648, DOGEUSDT, 0.25086, 4768.0, 22:36:06, False
1739158566651, DOGEUSDT, 0.25087, 5042.0, 22:36:06, False
1739158566655, DOGEUSDT, 0.25087, 200.0, 22:36:06, True
1739158566776, DOGEUSDT, 0.25088, 1219.0, 22:36:06, False
1739158566873, DOGEUSDT, 0.25087, 100.0, 22:36:06, True
1739158566886, DOGEUSDT, 0.25088, 4742.0, 22:36:06, False
1739158566886, DOGEUSDT, 0.25089, 1778.0, 22:36:06, False
1739158566886, DOGEUSDT, 0.2509, 2480.0, 22:36:06, False
1739158566894, DOGEUSDT, 0.25089, 8400.0, 22:36:06, True
1739158567091, DOGEUSDT, 0.25087, 4895.0, 22:36:07, False
1739158567101, DOGEUSDT, 0.25088, 20.0, 22:36:07, False
1739158567119, DOGEUSDT, 0.25089, 2013.0, 22:36:07, False
1739158567120, DOGEUSDT, 0.2509, 2855.0, 22:36:07, False
1739158567120, DOGEUSDT, 0.25091, 16246.0, 22:36:07, False
1739158567121, DOGEUSDT, 0.25092, 6935.0, 22:36:07, False
1739158567126, DOGEUSDT, 0.25093, 60.0, 22:36:07, False
1739158567126, DOGEUSDT, 0.25094, 9686.0, 22:36:07, False
1739158567128, DOGEUSDT, 0.25095, 51218.0, 22:36:07, False
1739158567148, DOGEUSDT, 0.25093, 1992.0, 22:36:07, False
1739158567151, DOGEUSDT, 0.25094, 1992.0, 22:36:07, False
1739158567151, DOGEUSDT, 0.25095, 1992.0, 22:36:07, False
1739158567151, DOGEUSDT, 0.25096, 40962.0, 22:36:07, False
1739158567151, DOGEUSDT, 0.25097, 39789.0, 22:36:07, False
1739158567155, DOGEUSDT, 0.25098, 12079.0, 22:36:07, False
1739158567261, DOGEUSDT, 0.25099, 60.0, 22:36:07, False
1739158567370, DOGEUSDT, 0.25099, 798.0, 22:36:07, True
1739158567411, DOGEUSDT, 0.251, 36.0, 22:36:07, False
1739158567421, DOGEUSDT, 0.25099, 4117.0, 22:36:07, True
1739158567600, DOGEUSDT, 0.25098, 2127.0, 22:36:07, True
1739158567620, DOGEUSDT, 0.25097, 659.0, 22:36:07, True
1739158567653, DOGEUSDT, 0.25096, 121.0, 22:36:07, True
1739158567884, DOGEUSDT, 0.25096, 5613.0, 22:36:07, False
1739158567889, DOGEUSDT, 0.25097, 996.0, 22:36:07, False
1739158567912, DOGEUSDT, 0.25097, 22558.0, 22:36:07, True
1739158567913, DOGEUSDT, 0.25096, 4078.0, 22:36:07, True
1739158567913, DOGEUSDT, 0.25095, 40.0, 22:36:07, True
1739158567913, DOGEUSDT, 0.25093, 5520.0, 22:36:07, True
1739158568017, DOGEUSDT, 0.2509, 6175.0, 22:36:08, True
1739158568032, DOGEUSDT, 0.25089, 126.0, 22:36:08, True
1739158568060, DOGEUSDT, 0.25088, 26681.0, 22:36:08, True
1739158568060, DOGEUSDT, 0.25087, 8655.0, 22:36:08, True
1739158568060, DOGEUSDT, 0.25086, 7057.0, 22:36:08, True
1739158568202, DOGEUSDT, 0.25088, 950.0, 22:36:08, False
1739158568312, DOGEUSDT, 0.25086, 12099.0, 22:36:08, True
1739158568313, DOGEUSDT, 0.25085, 479.0, 22:36:08, True
1739158568317, DOGEUSDT, 0.25084, 147.0, 22:36:08, True
1739158568407, DOGEUSDT, 0.25083, 36.0, 22:36:08, True
1739158568417, DOGEUSDT, 0.25084, 367.0, 22:36:08, False
1739158568498, DOGEUSDT, 0.25083, 7968.0, 22:36:08, True
1739158568599, DOGEUSDT, 0.25082, 7351.0, 22:36:08, False
1739158568748, DOGEUSDT, 0.25082, 369.0, 22:36:08, False
1739158568766, DOGEUSDT, 0.25081, 14539.0, 22:36:08, True
1739158568774, DOGEUSDT, 0.2508, 244.0, 22:36:08, True
1739158568774, DOGEUSDT, 0.25079, 60.0, 22:36:08, True
1739158568842, DOGEUSDT, 0.25078, 41.0, 22:36:08, True
1739158568842, DOGEUSDT, 0.25077, 83.0, 22:36:08, True
1739158568870, DOGEUSDT, 0.25077, 1670.0, 22:36:08, False
1739158568905, DOGEUSDT, 0.25076, 6126.0, 22:36:08, True
1739158568943, DOGEUSDT, 0.25077, 21818.0, 22:36:08, False
1739158568958, DOGEUSDT, 0.25078, 8268.0, 22:36:08, False
1739158568978, DOGEUSDT, 0.25079, 4612.0, 22:36:08, False
1739158568988, DOGEUSDT, 0.25079, 810.0, 22:36:08, True
1739158569044, DOGEUSDT, 0.2508, 81.0, 22:36:09, False
1739158569047, DOGEUSDT, 0.2508, 288.0, 22:36:09, True
1739158569205, DOGEUSDT, 0.2508, 598.0, 22:36:09, True
1739158569208, DOGEUSDT, 0.25077, 41.0, 22:36:09, True
1739158569212, DOGEUSDT, 0.25076, 387.0, 22:36:09, True
1739158569249, DOGEUSDT, 0.25075, 1900.0, 22:36:09, True
1739158569363, DOGEUSDT, 0.25076, 9748.0, 22:36:09, False
1739158569371, DOGEUSDT, 0.25078, 3163.0, 22:36:09, False
1739158569434, DOGEUSDT, 0.25079, 13637.0, 22:36:09, False
1739158569438, DOGEUSDT, 0.2508, 81.0, 22:36:09, False
1739158569532, DOGEUSDT, 0.2508, 230.0, 22:36:09, True
1739158569561, DOGEUSDT, 0.25081, 2908.0, 22:36:09, False
1739158569574, DOGEUSDT, 0.25082, 62.0, 22:36:09, False
1739158569579, DOGEUSDT, 0.25083, 41.0, 22:36:09, False
1739158569586, DOGEUSDT, 0.25084, 1121.0, 22:36:09, False
1739158569591, DOGEUSDT, 0.25085, 100.0, 22:36:09, False
1739158569591, DOGEUSDT, 0.25086, 8097.0, 22:36:09, False
1739158569607, DOGEUSDT, 0.25087, 161.0, 22:36:09, False
1739158569718, DOGEUSDT, 0.25088, 60.0, 22:36:09, False
1739158570071, DOGEUSDT, 0.25088, 2583.0, 22:36:10, True
1739158570222, DOGEUSDT, 0.25088, 18499.0, 22:36:10, True
1739158570289, DOGEUSDT, 0.25086, 39.0, 22:36:10, True
1739158570291, DOGEUSDT, 0.25085, 147.0, 22:36:10, True
1739158570316, DOGEUSDT, 0.25084, 246.0, 22:36:10, True
1739158570328, DOGEUSDT, 0.25083, 121.0, 22:36:10, True
1739158570332, DOGEUSDT, 0.25082, 41.0, 22:36:10, True
1739158570336, DOGEUSDT, 0.25081, 41.0, 22:36:10, True
1739158570336, DOGEUSDT, 0.2508, 9669.0, 22:36:10, True
1739158570357, DOGEUSDT, 0.25079, 3284.0, 22:36:10, True
1739158570427, DOGEUSDT, 0.25078, 119.0, 22:36:10, True
1739158570427, DOGEUSDT, 0.25077, 2941.0, 22:36:10, True
1739158570816, DOGEUSDT, 0.25076, 617.0, 22:36:10, True
1739158570880, DOGEUSDT, 0.25076, 22575.0, 22:36:10, False
1739158571039, DOGEUSDT, 0.25075, 12156.0, 22:36:11, True
1739158571041, DOGEUSDT, 0.25074, 8778.0, 22:36:11, True
1739158571046, DOGEUSDT, 0.25073, 5205.0, 22:36:11, True
1739158571054, DOGEUSDT, 0.25072, 1644.0, 22:36:11, True
1739158571105, DOGEUSDT, 0.25071, 41.0, 22:36:11, True
1739158571178, DOGEUSDT, 0.2507, 4942.0, 22:36:11, True
1739158571179, DOGEUSDT, 0.25069, 1428.0, 22:36:11, True
1739158571208, DOGEUSDT, 0.25068, 201.0, 22:36:11, True
1739158571208, DOGEUSDT, 0.25067, 107.0, 22:36:11, True
1739158571208, DOGEUSDT, 0.25066, 7870.0, 22:36:11, True
1739158571208, DOGEUSDT, 0.25065, 1869.0, 22:36:11, True
1739158571208, DOGEUSDT, 0.25064, 232.0, 22:36:11, True
1739158571208, DOGEUSDT, 0.25063, 5099.0, 22:36:11, True
1739158571208, DOGEUSDT, 0.25062, 5302.0, 22:36:11, True
1739158571385, DOGEUSDT, 0.25063, 3946.0, 22:36:11, False
1739158571451, DOGEUSDT, 0.25065, 270.0, 22:36:11, False
1739158571502, DOGEUSDT, 0.25064, 996.0, 22:36:11, True
1739158571502, DOGEUSDT, 0.25063, 230.0, 22:36:11, True
1739158571728, DOGEUSDT, 0.25062, 17935.0, 22:36:11, True
1739158571730, DOGEUSDT, 0.25061, 3083.0, 22:36:11, True
1739158571796, DOGEUSDT, 0.25061, 697.0, 22:36:11, False
1739158571798, DOGEUSDT, 0.25062, 3380.0, 22:36:11, False
1739158571798, DOGEUSDT, 0.25063, 4927.0, 22:36:11, False
1739158571798, DOGEUSDT, 0.25064, 9615.0, 22:36:11, False
1739158571800, DOGEUSDT, 0.25065, 6107.0, 22:36:11, False
1739158571886, DOGEUSDT, 0.25066, 100.0, 22:36:11, False
1739158572095, DOGEUSDT, 0.25066, 378.0, 22:36:12, True
1739158572095, DOGEUSDT, 0.25065, 40.0, 22:36:12, True
1739158572141, DOGEUSDT, 0.25063, 1781.0, 22:36:12, True
1739158572142, DOGEUSDT, 0.25062, 41.0, 22:36:12, True
1739158572296, DOGEUSDT, 0.25061, 13423.0, 22:36:12, True
1739158572359, DOGEUSDT, 0.2506, 675.0, 22:36:12, True
1739158572362, DOGEUSDT, 0.25059, 510.0, 22:36:12, True
1739158572411, DOGEUSDT, 0.25058, 1406.0, 22:36:12, True
1739158572415, DOGEUSDT, 0.25057, 2151.0, 22:36:12, True
1739158572431, DOGEUSDT, 0.25056, 18325.0, 22:36:12, True
1739158572431, DOGEUSDT, 0.25055, 1657.0, 22:36:12, True
1739158572451, DOGEUSDT, 0.25054, 2105.0, 22:36:12, True
1739158572546, DOGEUSDT, 0.25053, 3718.0, 22:36:12, True
1739158572546, DOGEUSDT, 0.25052, 20703.0, 22:36:12, True
1739158572576, DOGEUSDT, 0.25054, 86.0, 22:36:12, True
1739158572733, DOGEUSDT, 0.25051, 1374.0, 22:36:12, True
1739158572871, DOGEUSDT, 0.2505, 100.0, 22:36:12, True
1739158572909, DOGEUSDT, 0.25051, 19505.0, 22:36:12, False
1739158572911, DOGEUSDT, 0.25052, 5368.0, 22:36:12, False
1739158572912, DOGEUSDT, 0.25053, 8798.0, 22:36:12, False
1739158572916, DOGEUSDT, 0.25054, 5048.0, 22:36:12, False
1739158572975, DOGEUSDT, 0.25055, 4205.0, 22:36:12, False
1739158572977, DOGEUSDT, 0.25056, 21.0, 22:36:12, False
1739158573011, DOGEUSDT, 0.25057, 1238.0, 22:36:13, False
1739158573014, DOGEUSDT, 0.25058, 2036.0, 22:36:13, False
1739158573015, DOGEUSDT, 0.25059, 4471.0, 22:36:13, False
1739158573019, DOGEUSDT, 0.2506, 1702.0, 22:36:13, False
1739158573059, DOGEUSDT, 0.25061, 2541.0, 22:36:13, False
1739158573127, DOGEUSDT, 0.25061, 108.0, 22:36:13, True
1739158573381, DOGEUSDT,851986009,0.25062,73424.0,1739158573374,False
1739158573363, DOGEUSDT, 0.25061, 1099.0, 22:36:13, False
1739158573374, DOGEUSDT, 0.25062, 73424.0, 22:36:13, False
1739158573376, DOGEUSDT, 0.25063, 11551.0, 22:36:13, False
1739158573385, DOGEUSDT, 0.25064, 459.0, 22:36:13, False
1739158573390, DOGEUSDT, 0.25065, 10271.0, 22:36:13, False
1739158573453, DOGEUSDT, 0.25066, 5885.0, 22:36:13, False
1739158573509, DOGEUSDT, 0.25067, 2121.0, 22:36:13, False
1739158573520, DOGEUSDT, 0.25068, 83.0, 22:36:13, False
1739158573522, DOGEUSDT, 0.25068, 7768.0, 22:36:13, True
1739158573821, DOGEUSDT, 0.25068, 1687.0, 22:36:13, True
1739158574020, DOGEUSDT, 0.25068, 31363.0, 22:36:14, True
1739158574063, DOGEUSDT, 0.25069, 199.0, 22:36:14, False
1739158574065, DOGEUSDT, 0.25068, 182069.0, 22:36:14, True
1739158574101, DOGEUSDT,851986020,0.25068,182069.0,1739158574065,True
1739158574096, DOGEUSDT, 0.25065, 133.0, 22:36:14, True
1739158574097, DOGEUSDT, 0.25064, 10824.0, 22:36:14, True
1739158574131, DOGEUSDT, 0.25063, 41.0, 22:36:14, True
1739158574139, DOGEUSDT, 0.25062, 8788.0, 22:36:14, True
1739158574139, DOGEUSDT, 0.25061, 80.0, 22:36:14, True
1739158574139, DOGEUSDT, 0.2506, 37183.0, 22:36:14, True
1739158574165, DOGEUSDT, 0.25059, 439.0, 22:36:14, True
1739158574165, DOGEUSDT, 0.25058, 7144.0, 22:36:14, True
1739158574165, DOGEUSDT, 0.25057, 15866.0, 22:36:14, True
1739158574192, DOGEUSDT, 0.2506, 14154.0, 22:36:14, True
1739158574280, DOGEUSDT, 0.25059, 6984.0, 22:36:14, True
1739158574280, DOGEUSDT, 0.25058, 3720.0, 22:36:14, True
1739158574365, DOGEUSDT, 0.25057, 439.0, 22:36:14, True
1739158574382, DOGEUSDT, 0.25056, 4112.0, 22:36:14, True
1739158574385, DOGEUSDT, 0.25055, 10050.0, 22:36:14, True
1739158574389, DOGEUSDT, 0.25054, 142.0, 22:36:14, True
1739158574393, DOGEUSDT, 0.25053, 4850.0, 22:36:14, True
1739158574457, DOGEUSDT, 0.25052, 107.0, 22:36:14, True
1739158574470, DOGEUSDT, 0.25051, 100.0, 22:36:14, True
1739158574542, DOGEUSDT, 0.25051, 6456.0, 22:36:14, False
1739158574550, DOGEUSDT, 0.25052, 2354.0, 22:36:14, False
1739158574619, DOGEUSDT, 0.25055, 9415.0, 22:36:14, False
1739158574638, DOGEUSDT, 0.25057, 2814.0, 22:36:14, False
1739158574899, DOGEUSDT, 0.25057, 10747.0, 22:36:14, True
1739158574911, DOGEUSDT, 0.25055, 99.0, 22:36:14, True
1739158574956, DOGEUSDT, 0.25056, 512.0, 22:36:14, False
1739158575033, DOGEUSDT, 0.25055, 9233.0, 22:36:15, True
1739158575037, DOGEUSDT, 0.25054, 745.0, 22:36:15, True
1739158575051, DOGEUSDT, 0.25053, 41.0, 22:36:15, True
1739158575095, DOGEUSDT, 0.25052, 2813.0, 22:36:15, True
1739158575095, DOGEUSDT, 0.25051, 41.0, 22:36:15, True
1739158575095, DOGEUSDT, 0.2505, 16760.0, 22:36:15, True
1739158575130, DOGEUSDT, 0.25049, 5965.0, 22:36:15, True
1739158575130, DOGEUSDT, 0.25048, 2320.0, 22:36:15, True
1739158575179, DOGEUSDT, 0.25049, 66.0, 22:36:15, False
1739158575190, DOGEUSDT, 0.2505, 579.0, 22:36:15, False
1739158575299, DOGEUSDT, 0.25049, 14098.0, 22:36:15, True
1739158575301, DOGEUSDT, 0.25048, 5501.0, 22:36:15, True
1739158575307, DOGEUSDT, 0.25047, 9284.0, 22:36:15, True
1739158575381, DOGEUSDT, 0.25046, 1236.0, 22:36:15, True
1739158575384, DOGEUSDT, 0.25045, 121.0, 22:36:15, True
1739158575396, DOGEUSDT, 0.25044, 223.0, 22:36:15, True
1739158575396, DOGEUSDT, 0.25043, 15104.0, 22:36:15, True
1739158575401, DOGEUSDT, 0.25042, 398.0, 22:36:15, True
1739158575401, DOGEUSDT, 0.25041, 1457.0, 22:36:15, True
1739158575401, DOGEUSDT, 0.2504, 135.0, 22:36:15, True
1739158575480, DOGEUSDT, 0.25041, 4406.0, 22:36:15, False
1739158575629, DOGEUSDT, 0.25041, 10866.0, 22:36:15, False
1739158575636, DOGEUSDT, 0.25042, 3498.0, 22:36:15, False
1739158575643, DOGEUSDT, 0.25043, 17521.0, 22:36:15, False
1739158575852, DOGEUSDT, 0.25044, 6437.0, 22:36:15, True
1739158575856, DOGEUSDT, 0.25043, 4120.0, 22:36:15, True
1739158575886, DOGEUSDT, 0.25041, 41.0, 22:36:15, True
1739158575886, DOGEUSDT, 0.2504, 2134.0, 22:36:15, True
1739158575886, DOGEUSDT, 0.25039, 1964.0, 22:36:15, True
1739158575886, DOGEUSDT, 0.25038, 10138.0, 22:36:15, True
1739158575954, DOGEUSDT, 0.25037, 7383.0, 22:36:15, True
1739158576032, DOGEUSDT, 0.25036, 189.0, 22:36:16, True
1739158576032, DOGEUSDT, 0.25035, 2494.0, 22:36:16, True
1739158576036, DOGEUSDT, 0.25034, 264.0, 22:36:16, True
1739158576036, DOGEUSDT, 0.25033, 4771.0, 22:36:16, True
1739158576036, DOGEUSDT, 0.25032, 6192.0, 22:36:16, True
1739158576036, DOGEUSDT, 0.25031, 1891.0, 22:36:16, True
1739158576061, DOGEUSDT, 0.25032, 12200.0, 22:36:16, False
1739158576076, DOGEUSDT, 0.25035, 40.0, 22:36:16, False
1739158576105, DOGEUSDT, 0.25037, 45.0, 22:36:16, False
1739158576176, DOGEUSDT, 0.25036, 43.0, 22:36:16, True
1739158576178, DOGEUSDT, 0.25035, 40.0, 22:36:16, True
1739158576184, DOGEUSDT, 0.25034, 39.0, 22:36:16, True
1739158576289, DOGEUSDT, 0.25034, 54913.0, 22:36:16, False
1739158576289, DOGEUSDT, 0.25035, 9014.0, 22:36:16, False
1739158576289, DOGEUSDT, 0.25036, 25893.0, 22:36:16, False
1739158576556, DOGEUSDT, 0.25035, 434.0, 22:36:16, True
1739158576572, DOGEUSDT, 0.25033, 4118.0, 22:36:16, True
1739158576687, DOGEUSDT, 0.25033, 15264.0, 22:36:16, True
1739158576689, DOGEUSDT, 0.25032, 41.0, 22:36:16, True
1739158576689, DOGEUSDT, 0.25031, 1026.0, 22:36:16, True
1739158576691, DOGEUSDT, 0.2503, 1540.0, 22:36:16, True
1739158576693, DOGEUSDT, 0.25029, 1059.0, 22:36:16, True
1739158576693, DOGEUSDT, 0.25028, 4463.0, 22:36:16, True
1739158576921, DOGEUSDT, 0.25027, 3120.0, 22:36:16, True
1739158576951, DOGEUSDT, 0.25026, 2354.0, 22:36:16, True
1739158577041, DOGEUSDT, 0.25025, 3851.0, 22:36:17, True
1739158577053, DOGEUSDT, 0.25024, 15427.0, 22:36:17, True
1739158577066, DOGEUSDT, 0.25023, 2148.0, 22:36:17, True
1739158577079, DOGEUSDT, 0.25022, 138.0, 22:36:17, True
1739158577079, DOGEUSDT, 0.25021, 7637.0, 22:36:17, True
1739158577112, DOGEUSDT, 0.2502, 22438.0, 22:36:17, True
1739158577211, DOGEUSDT, 0.25021, 27598.0, 22:36:17, False
1739158577232, DOGEUSDT, 0.25022, 18639.0, 22:36:17, False
1739158577235, DOGEUSDT, 0.25024, 8686.0, 22:36:17, False
1739158577253, DOGEUSDT, 0.25024, 278.0, 22:36:17, True
1739158577261, DOGEUSDT, 0.25025, 2835.0, 22:36:17, False
1739158577286, DOGEUSDT, 0.25026, 158.0, 22:36:17, False
1739158577294, DOGEUSDT, 0.25026, 25.0, 22:36:17, True
1739158577325, DOGEUSDT, 0.25027, 126.0, 22:36:17, False
1739158577349, DOGEUSDT, 0.25026, 25000.0, 22:36:17, True
1739158577383, DOGEUSDT, 0.25027, 8719.0, 22:36:17, False
1739158577387, DOGEUSDT, 0.25029, 541.0, 22:36:17, False
1739158577593, DOGEUSDT, 0.2503, 29828.0, 22:36:17, False
1739158577662, DOGEUSDT, 0.25031, 1078.0, 22:36:17, False
1739158577664, DOGEUSDT, 0.25032, 66.0, 22:36:17, False
1739158577681, DOGEUSDT, 0.25033, 3077.0, 22:36:17, False
1739158577698, DOGEUSDT, 0.25033, 24.0, 22:36:17, True
1739158577726, DOGEUSDT, 0.25034, 5676.0, 22:36:17, False
1739158577743, DOGEUSDT, 0.25035, 1079.0, 22:36:17, False
1739158577749, DOGEUSDT, 0.25034, 1998.0, 22:36:17, True
1739158577821, DOGEUSDT, 0.25036, 10062.0, 22:36:17, False
1739158577904, DOGEUSDT, 0.25036, 2793.0, 22:36:17, True
1739158577922, DOGEUSDT, 0.25037, 20.0, 22:36:17, False
1739158577929, DOGEUSDT, 0.25036, 188013.0, 22:36:17, True
1739158577945, DOGEUSDT,851986131,0.25036,188013.0,1739158577929,True
1739158577941, DOGEUSDT, 0.25035, 40.0, 22:36:17, True
1739158577950, DOGEUSDT, 0.25034, 398.0, 22:36:17, True
1739158577979, DOGEUSDT, 0.25033, 41.0, 22:36:17, True
1739158577979, DOGEUSDT, 0.25032, 41.0, 22:36:17, True
1739158577979, DOGEUSDT, 0.25031, 3870.0, 22:36:17, True
1739158578090, DOGEUSDT, 0.2503, 11452.0, 22:36:18, True
1739158578178, DOGEUSDT, 0.25029, 1973.0, 22:36:18, True
1739158578272, DOGEUSDT, 0.25028, 41.0, 22:36:18, True
1739158578284, DOGEUSDT, 0.25027, 5722.0, 22:36:18, True
1739158578295, DOGEUSDT, 0.25026, 19348.0, 22:36:18, True
1739158578307, DOGEUSDT, 0.25025, 904.0, 22:36:18, True
1739158578307, DOGEUSDT, 0.25024, 86.0, 22:36:18, True
1739158578307, DOGEUSDT, 0.25023, 9603.0, 22:36:18, True
1739158578321, DOGEUSDT, 0.25022, 1407.0, 22:36:18, True
1739158578343, DOGEUSDT, 0.25023, 61.0, 22:36:18, False
1739158578359, DOGEUSDT, 0.25022, 9946.0, 22:36:18, True
1739158578360, DOGEUSDT, 0.25021, 4518.0, 22:36:18, True
1739158578360, DOGEUSDT, 0.2502, 8094.0, 22:36:18, True
1739158578361, DOGEUSDT, 0.25019, 2190.0, 22:36:18, True
1739158578475, DOGEUSDT, 0.25019, 14044.0, 22:36:18, True
1739158578576, DOGEUSDT, 0.25018, 12790.0, 22:36:18, True
1739158578576, DOGEUSDT, 0.25017, 1093.0, 22:36:18, True
1739158578621, DOGEUSDT, 0.25016, 378.0, 22:36:18, True
1739158578684, DOGEUSDT, 0.25017, 1996.0, 22:36:18, False
1739158578749, DOGEUSDT, 0.25015, 2554.0, 22:36:18, True
1739158578872, DOGEUSDT, 0.25015, 1509.0, 22:36:18, True
1739158578875, DOGEUSDT, 0.25014, 9658.0, 22:36:18, True
1739158578879, DOGEUSDT, 0.25013, 12391.0, 22:36:18, True
1739158578879, DOGEUSDT, 0.25012, 10837.0, 22:36:18, True
1739158578901, DOGEUSDT, 0.25011, 1819.0, 22:36:18, True
1739158578966, DOGEUSDT, 0.25011, 399.0, 22:36:18, False
1739158578997, DOGEUSDT, 0.2501, 3729.0, 22:36:18, True
1739158579189, DOGEUSDT, 0.25009, 21632.0, 22:36:19, True
1739158579247, DOGEUSDT, 0.2501, 47.0, 22:36:19, False
1739158579299, DOGEUSDT, 0.25009, 10722.0, 22:36:19, True
1739158579601, DOGEUSDT, 0.25009, 4153.0, 22:36:19, True
1739158579729, DOGEUSDT, 0.25009, 1382.0, 22:36:19, False
1739158579743, DOGEUSDT, 0.25008, 4661.0, 22:36:19, True
1739158579843, DOGEUSDT, 0.25007, 545.0, 22:36:19, True
1739158579868, DOGEUSDT, 0.25006, 2720.0, 22:36:19, True
1739158579882, DOGEUSDT, 0.25007, 58339.0, 22:36:19, False
1739158579885, DOGEUSDT, 0.25008, 2880.0, 22:36:19, False
1739158579885, DOGEUSDT, 0.25009, 6120.0, 22:36:19, False
1739158579889, DOGEUSDT, 0.2501, 541.0, 22:36:19, False
1739158579925, DOGEUSDT, 0.25009, 16049.0, 22:36:19, True
1739158579983, DOGEUSDT, 0.25005, 12707.0, 22:36:19, True
1739158580041, DOGEUSDT, 0.25004, 5349.0, 22:36:20, True
1739158580049, DOGEUSDT, 0.25003, 1305.0, 22:36:20, True
1739158580164, DOGEUSDT, 0.25003, 20.0, 22:36:20, False
1739158580167, DOGEUSDT, 0.25002, 11404.0, 22:36:20, True
1739158580451, DOGEUSDT, 0.25002, 5138.0, 22:36:20, True
1739158580688, DOGEUSDT, 0.25002, 15018.0, 22:36:20, True
1739158580694, DOGEUSDT, 0.25, 31982.0, 22:36:20, True
1739158580777, DOGEUSDT, 0.24999, 12215.0, 22:36:20, True
1739158580780, DOGEUSDT, 0.24998, 1588.0, 22:36:20, True
1739158580807, DOGEUSDT, 0.24998, 34.0, 22:36:20, False
1739158580900, DOGEUSDT, 0.24997, 1610.0, 22:36:20, True
1739158580937, DOGEUSDT, 0.24996, 25.0, 22:36:20, True
1739158580937, DOGEUSDT, 0.24997, 25.0, 22:36:20, False
1739158580947, DOGEUSDT, 0.24996, 2608.0, 22:36:20, True
1739158580965, DOGEUSDT, 0.24995, 8881.0, 22:36:20, True
1739158580980, DOGEUSDT, 0.24994, 5886.0, 22:36:20, True
1739158580980, DOGEUSDT, 0.24993, 41.0, 22:36:20, True
1739158580980, DOGEUSDT, 0.24992, 3671.0, 22:36:20, True
1739158581097, DOGEUSDT, 0.24993, 9044.0, 22:36:21, False
1739158581174, DOGEUSDT, 0.24992, 69.0, 22:36:21, True
1739158581290, DOGEUSDT, 0.24992, 104.0, 22:36:21, True
1739158581385, DOGEUSDT, 0.24993, 69117.0, 22:36:21, False
1739158581394, DOGEUSDT,851986199,0.24993,69117.0,1739158581385,False
1739158581391, DOGEUSDT, 0.24995, 84.0, 22:36:21, False
1739158581397, DOGEUSDT, 0.24996, 41.0, 22:36:21, False
1739158581406, DOGEUSDT, 0.24997, 2041.0, 22:36:21, False
1739158581429, DOGEUSDT, 0.24997, 1157.0, 22:36:21, True
1739158581439, DOGEUSDT, 0.24998, 17685.0, 22:36:21, False
1739158581500, DOGEUSDT, 0.24998, 2201.0, 22:36:21, True
1739158581550, DOGEUSDT, 0.24999, 10766.0, 22:36:21, False
1739158581571, DOGEUSDT, 0.25, 80.0, 22:36:21, False
1739158581595, DOGEUSDT, 0.25001, 599.0, 22:36:21, False
1739158581626, DOGEUSDT, 0.25002, 1122.0, 22:36:21, False
1739158581626, DOGEUSDT, 0.25003, 3051.0, 22:36:21, False
1739158581631, DOGEUSDT, 0.25004, 21268.0, 22:36:21, False
1739158581638, DOGEUSDT, 0.25005, 3686.0, 22:36:21, False
1739158581724, DOGEUSDT, 0.25006, 23.0, 22:36:21, False
1739158581872, DOGEUSDT, 0.25005, 3092.0, 22:36:21, True
1739158581953, DOGEUSDT, 0.25002, 94.0, 22:36:21, True
1739158581962, DOGEUSDT, 0.25001, 121.0, 22:36:21, True
1739158581975, DOGEUSDT, 0.25, 81.0, 22:36:21, True
1739158581975, DOGEUSDT, 0.24999, 972.0, 22:36:21, True
1739158581975, DOGEUSDT, 0.24998, 7025.0, 22:36:21, True
1739158581980, DOGEUSDT, 0.24997, 9363.0, 22:36:21, True
1739158582008, DOGEUSDT, 0.24996, 15690.0, 22:36:22, True
1739158582011, DOGEUSDT, 0.24995, 6979.0, 22:36:22, True
1739158582226, DOGEUSDT, 0.24995, 1371.0, 22:36:22, True
1739158582273, DOGEUSDT, 0.24994, 9138.0, 22:36:22, True
1739158582273, DOGEUSDT, 0.24993, 62.0, 22:36:22, True
1739158582273, DOGEUSDT, 0.24992, 19266.0, 22:36:22, True
1739158582273, DOGEUSDT, 0.24991, 5018.0, 22:36:22, True
1739158582298, DOGEUSDT, 0.24992, 17770.0, 22:36:22, False
1739158582310, DOGEUSDT, 0.24994, 4512.0, 22:36:22, True
1739158582510, DOGEUSDT, 0.24994, 5451.0, 22:36:22, True
1739158582537, DOGEUSDT, 0.24993, 4536.0, 22:36:22, True
1739158582539, DOGEUSDT, 0.24992, 21.0, 22:36:22, True
1739158582540, DOGEUSDT, 0.24991, 11895.0, 22:36:22, True
1739158582543, DOGEUSDT, 0.2499, 31164.0, 22:36:22, True
1739158582545, DOGEUSDT, 0.24989, 25917.0, 22:36:22, True
1739158582647, DOGEUSDT, 0.2499, 9893.0, 22:36:22, False
1739158582710, DOGEUSDT, 0.2499, 15000.0, 22:36:22, True
1739158582801, DOGEUSDT, 0.24991, 256.0, 22:36:22, False
1739158582933, DOGEUSDT, 0.24991, 843.0, 22:36:22, False
1739158582980, DOGEUSDT, 0.2499, 10222.0, 22:36:22, True
1739158582995, DOGEUSDT, 0.24989, 3480.0, 22:36:22, True
1739158583007, DOGEUSDT, 0.24988, 609.0, 22:36:23, True
1739158583107, DOGEUSDT, 0.24987, 5529.0, 22:36:23, True
1739158583198, DOGEUSDT, 0.24986, 4941.0, 22:36:23, True
1739158583316, DOGEUSDT, 0.24987, 9069.0, 22:36:23, False
1739158583321, DOGEUSDT, 0.24988, 18978.0, 22:36:23, False
1739158583324, DOGEUSDT, 0.2499, 5105.0, 22:36:23, False
1739158583369, DOGEUSDT, 0.24991, 7038.0, 22:36:23, False
1739158583371, DOGEUSDT, 0.24992, 8149.0, 22:36:23, False
1739158583377, DOGEUSDT, 0.24993, 62.0, 22:36:23, False
1739158583378, DOGEUSDT, 0.24994, 3083.0, 22:36:23, False
1739158583454, DOGEUSDT, 0.24994, 129.0, 22:36:23, True
1739158583464, DOGEUSDT, 0.24995, 4336.0, 22:36:23, False
1739158583486, DOGEUSDT, 0.24996, 41.0, 22:36:23, False
1739158583500, DOGEUSDT, 0.24997, 95.0, 22:36:23, False
1739158583500, DOGEUSDT, 0.24998, 62.0, 22:36:23, False
1739158583531, DOGEUSDT, 0.24998, 2716.0, 22:36:23, True
1739158583536, DOGEUSDT,851986259,0.24996,96044.0,1739158583531,True
1739158583531, DOGEUSDT, 0.24997, 13750.0, 22:36:23, True
1739158583531, DOGEUSDT, 0.24996, 96044.0, 22:36:23, True
1739158583531, DOGEUSDT, 0.24995, 69391.0, 22:36:23, True
1739158583586, DOGEUSDT,851986260,0.24995,69391.0,1739158583531,True
1739158583581, DOGEUSDT, 0.24998, 8888.0, 22:36:23, True
1739158583581, DOGEUSDT, 0.24997, 4814.0, 22:36:23, True
1739158583627, DOGEUSDT, 0.24995, 540.0, 22:36:23, True
1739158583663, DOGEUSDT, 0.24994, 22.0, 22:36:23, False
1739158583848, DOGEUSDT, 0.24994, 8029.0, 22:36:23, False
1739158583851, DOGEUSDT, 0.24995, 42.0, 22:36:23, False
1739158583857, DOGEUSDT, 0.24996, 4609.0, 22:36:23, False
1739158583879, DOGEUSDT, 0.24996, 20389.0, 22:36:23, True
1739158584028, DOGEUSDT, 0.24996, 4520.0, 22:36:24, True
1739158584507, DOGEUSDT, 0.24996, 25834.0, 22:36:24, True
1739158584509, DOGEUSDT, 0.24995, 42.0, 22:36:24, True
1739158584696, DOGEUSDT, 0.24993, 21960.0, 22:36:24, True
1739158584698, DOGEUSDT, 0.24992, 108.0, 22:36:24, True
1739158584716, DOGEUSDT, 0.24991, 162.0, 22:36:24, True
1739158584722, DOGEUSDT, 0.2499, 5194.0, 22:36:24, True
1739158584726, DOGEUSDT, 0.24989, 108.0, 22:36:24, True
1739158584729, DOGEUSDT, 0.24988, 4571.0, 22:36:24, True
1739158584781, DOGEUSDT, 0.24987, 24367.0, 22:36:24, True
1739158584865, DOGEUSDT, 0.24986, 22274.0, 22:36:24, True
1739158584868, DOGEUSDT, 0.24985, 6966.0, 22:36:24, True
1739158584876, DOGEUSDT, 0.24984, 7004.0, 22:36:24, True
1739158584882, DOGEUSDT, 0.24983, 7706.0, 22:36:24, True
1739158584894, DOGEUSDT, 0.24982, 447.0, 22:36:24, True
1739158584913, DOGEUSDT, 0.24981, 8017.0, 22:36:24, True
1739158584929, DOGEUSDT, 0.2498, 1475.0, 22:36:24, True
1739158584947, DOGEUSDT, 0.24979, 1070.0, 22:36:24, True
1739158584947, DOGEUSDT, 0.24978, 930.0, 22:36:24, True
1739158585014, DOGEUSDT, 0.24979, 6490.0, 22:36:25, False
1739158585077, DOGEUSDT, 0.24978, 4215.0, 22:36:25, True
1739158585135, DOGEUSDT, 0.24979, 20768.0, 22:36:25, False
1739158585148, DOGEUSDT, 0.2498, 84.0, 22:36:25, False
1739158585153, DOGEUSDT, 0.24981, 1152.0, 22:36:25, False
1739158585158, DOGEUSDT, 0.24982, 41.0, 22:36:25, False
1739158585160, DOGEUSDT, 0.24983, 41.0, 22:36:25, False
1739158585160, DOGEUSDT, 0.24984, 6064.0, 22:36:25, False
1739158585170, DOGEUSDT, 0.24985, 2147.0, 22:36:25, False
1739158585379, DOGEUSDT, 0.24985, 200.0, 22:36:25, True
1739158585398, DOGEUSDT, 0.24986, 31240.0, 22:36:25, False
1739158585481, DOGEUSDT, 0.24986, 2768.0, 22:36:25, True
1739158585692, DOGEUSDT, 0.24987, 3985.0, 22:36:25, False
1739158585694, DOGEUSDT, 0.24988, 60.0, 22:36:25, False
1739158585706, DOGEUSDT, 0.24989, 2463.0, 22:36:25, False
1739158585744, DOGEUSDT, 0.24989, 426.0, 22:36:25, True
1739158585752, DOGEUSDT, 0.2499, 83.0, 22:36:25, False
1739158585771, DOGEUSDT, 0.24991, 41.0, 22:36:25, False
1739158585816, DOGEUSDT, 0.24991, 5744.0, 22:36:25, True
1739158585821, DOGEUSDT, 0.2499, 5232.0, 22:36:25, True
1739158585824, DOGEUSDT, 0.24989, 3999.0, 22:36:25, True
1739158585827, DOGEUSDT, 0.24988, 41.0, 22:36:25, True
1739158585878, DOGEUSDT, 0.24987, 41.0, 22:36:25, True
1739158585879, DOGEUSDT, 0.24986, 598.0, 22:36:25, True
1739158585879, DOGEUSDT, 0.24985, 11474.0, 22:36:25, True
1739158585879, DOGEUSDT, 0.24984, 66.0, 22:36:25, True
1739158585911, DOGEUSDT, 0.24983, 8565.0, 22:36:25, True
1739158586029, DOGEUSDT, 0.24982, 10474.0, 22:36:26, True
1739158586039, DOGEUSDT, 0.24981, 6173.0, 22:36:26, True
1739158586043, DOGEUSDT, 0.2498, 104.0, 22:36:26, True
1739158586044, DOGEUSDT, 0.24979, 18793.0, 22:36:26, True
1739158586140, DOGEUSDT, 0.24979, 18334.0, 22:36:26, False
1739158586142, DOGEUSDT, 0.2498, 2331.0, 22:36:26, False
1739158586153, DOGEUSDT, 0.24982, 4525.0, 22:36:26, False
1739158586157, DOGEUSDT, 0.24983, 7738.0, 22:36:26, False
1739158586173, DOGEUSDT, 0.24984, 2001.0, 22:36:26, False
1739158586191, DOGEUSDT, 0.24984, 551.0, 22:36:26, True
1739158586208, DOGEUSDT, 0.24985, 83.0, 22:36:26, False
1739158586267, DOGEUSDT, 0.24985, 1919.0, 22:36:26, True
1739158586393, DOGEUSDT, 0.24985, 904.0, 22:36:26, True
1739158586393, DOGEUSDT, 0.24984, 4063.0, 22:36:26, True
1739158586393, DOGEUSDT, 0.24983, 9314.0, 22:36:26, True
1739158586437, DOGEUSDT, 0.24985, 42.0, 22:36:26, False
1739158586440, DOGEUSDT, 0.24986, 73.0, 22:36:26, False
1739158586463, DOGEUSDT, 0.24987, 41.0, 22:36:26, False
1739158586463, DOGEUSDT, 0.24988, 101.0, 22:36:26, False
1739158586486, DOGEUSDT, 0.2499, 28.0, 22:36:26, False
1739158586641, DOGEUSDT, 0.24986, 73.0, 22:36:26, True
1739158586757, DOGEUSDT, 0.24986, 140.0, 22:36:26, False
1739158586905, DOGEUSDT, 0.24985, 5094.0, 22:36:26, True
1739158586906, DOGEUSDT, 0.24984, 12552.0, 22:36:26, True
1739158586909, DOGEUSDT, 0.24983, 172.0, 22:36:26, True
1739158586929, DOGEUSDT, 0.24982, 8692.0, 22:36:26, True
1739158586934, DOGEUSDT, 0.24981, 41.0, 22:36:26, True
1739158586941, DOGEUSDT, 0.2498, 2905.0, 22:36:26, True
1739158586968, DOGEUSDT, 0.24979, 15580.0, 22:36:26, True
1739158586970, DOGEUSDT, 0.24978, 2872.0, 22:36:26, True
1739158586989, DOGEUSDT, 0.24979, 3420.0, 22:36:26, False
1739158587340, DOGEUSDT, 0.24978, 32385.0, 22:36:27, True
1739158587342, DOGEUSDT, 0.24977, 4146.0, 22:36:27, True
1739158587343, DOGEUSDT, 0.24976, 3588.0, 22:36:27, True
1739158587344, DOGEUSDT, 0.24976, 3000.0, 22:36:27, False
1739158587492, DOGEUSDT, 0.24976, 837.0, 22:36:27, False
1739158587552, DOGEUSDT, 0.24978, 5102.0, 22:36:27, False
1739158587690, DOGEUSDT, 0.24978, 10530.0, 22:36:27, False
1739158587691, DOGEUSDT, 0.24979, 162.0, 22:36:27, False
1739158587693, DOGEUSDT, 0.2498, 42.0, 22:36:27, False
1739158587693, DOGEUSDT, 0.24981, 108.0, 22:36:27, False
1739158587693, DOGEUSDT, 0.24982, 3063.0, 22:36:27, False
1739158587695, DOGEUSDT, 0.24983, 5723.0, 22:36:27, False
1739158587697, DOGEUSDT, 0.24984, 7642.0, 22:36:27, False
1739158587710, DOGEUSDT, 0.24985, 125.0, 22:36:27, False
1739158587710, DOGEUSDT, 0.24986, 8563.0, 22:36:27, False
1739158587711, DOGEUSDT, 0.24987, 7406.0, 22:36:27, False
1739158587742, DOGEUSDT, 0.24986, 13095.0, 22:36:27, True
1739158587781, DOGEUSDT, 0.24985, 42.0, 22:36:27, True
1739158587789, DOGEUSDT, 0.24983, 128.0, 22:36:27, True
1739158587892, DOGEUSDT, 0.24982, 80.0, 22:36:27, True
1739158587896, DOGEUSDT, 0.24981, 41.0, 22:36:27, True
1739158587907, DOGEUSDT, 0.2498, 83.0, 22:36:27, True
1739158587907, DOGEUSDT, 0.24979, 125.0, 22:36:27, True
1739158587951, DOGEUSDT, 0.24979, 1650.0, 22:36:27, False
1739158587967, DOGEUSDT, 0.24978, 21.0, 22:36:27, True
1739158587993, DOGEUSDT, 0.24978, 100.0, 22:36:27, False
1739158588001, DOGEUSDT, 0.24977, 104.0, 22:36:28, True
1739158588001, DOGEUSDT, 0.24975, 3081.0, 22:36:28, True
1739158588068, DOGEUSDT, 0.24974, 1276.0, 22:36:28, True
1739158588071, DOGEUSDT, 0.24973, 97.0, 22:36:28, True
1739158588257, DOGEUSDT, 0.24972, 721.0, 22:36:28, True
1739158588540, DOGEUSDT, 0.24972, 10435.0, 22:36:28, True
1739158588654, DOGEUSDT, 0.24972, 799.0, 22:36:28, True
1739158588677, DOGEUSDT, 0.24973, 9318.0, 22:36:28, False
1739158588690, DOGEUSDT, 0.24972, 1233.0, 22:36:28, True
1739158588774, DOGEUSDT, 0.24973, 4000.0, 22:36:28, False
1739158588776, DOGEUSDT, 0.24974, 20260.0, 22:36:28, False
1739158588779, DOGEUSDT, 0.24975, 81.0, 22:36:28, False
1739158588784, DOGEUSDT, 0.24976, 4876.0, 22:36:28, False
1739158588784, DOGEUSDT, 0.24977, 6341.0, 22:36:28, False
1739158588784, DOGEUSDT, 0.24978, 4880.0, 22:36:28, False
1739158588853, DOGEUSDT, 0.24976, 87.0, 22:36:28, False
1739158588934, DOGEUSDT, 0.24975, 3660.0, 22:36:28, True
1739158589052, DOGEUSDT, 0.24974, 41.0, 22:36:29, True
1739158589065, DOGEUSDT, 0.24973, 83.0, 22:36:29, True
1739158589065, DOGEUSDT, 0.24972, 15166.0, 22:36:29, True
1739158589067, DOGEUSDT, 0.24971, 6213.0, 22:36:29, True
1739158589104, DOGEUSDT, 0.2497, 4997.0, 22:36:29, True
1739158589113, DOGEUSDT, 0.24969, 318.0, 22:36:29, True
1739158589354, DOGEUSDT, 0.24968, 49.0, 22:36:29, True
1739158589675, DOGEUSDT, 0.24968, 12143.0, 22:36:29, True
1739158589726, DOGEUSDT, 0.24969, 194.0, 22:36:29, False
1739158589832, DOGEUSDT, 0.24968, 68.0, 22:36:29, True
1739158590564, DOGEUSDT, 0.24968, 23.0, 22:36:30, True
1739158590658, DOGEUSDT, 0.24969, 19368.0, 22:36:30, False
1739158590711, DOGEUSDT, 0.2497, 15679.0, 22:36:30, False
1739158590814, DOGEUSDT, 0.24971, 7229.0, 22:36:30, True
1739158590867, DOGEUSDT, 0.2497, 42.0, 22:36:30, True
1739158591181, DOGEUSDT, 0.2497, 5509.0, 22:36:31, False
1739158591184, DOGEUSDT, 0.24971, 2310.0, 22:36:31, False
1739158591184, DOGEUSDT, 0.24972, 62.0, 22:36:31, False
1739158591188, DOGEUSDT, 0.24973, 8748.0, 22:36:31, False
1739158591215, DOGEUSDT, 0.24973, 494.0, 22:36:31, True
1739158591253, DOGEUSDT, 0.24974, 17763.0, 22:36:31, False
1739158591266, DOGEUSDT, 0.24974, 10.0, 22:36:31, True
1739158591293, DOGEUSDT, 0.24975, 122.0, 22:36:31, False
1739158591307, DOGEUSDT, 0.24976, 41.0, 22:36:31, False
1739158591329, DOGEUSDT, 0.24977, 41.0, 22:36:31, False
1739158591427, DOGEUSDT, 0.24977, 12259.0, 22:36:31, True
1739158591429, DOGEUSDT, 0.24976, 40.0, 22:36:31, True
1739158591435, DOGEUSDT, 0.24975, 537.0, 22:36:31, True
1739158591452, DOGEUSDT, 0.24974, 2740.0, 22:36:31, True
1739158591467, DOGEUSDT, 0.24973, 11572.0, 22:36:31, True
1739158591471, DOGEUSDT, 0.24972, 256.0, 22:36:31, True
1739158591494, DOGEUSDT, 0.24973, 79.0, 22:36:31, False
1739158591628, DOGEUSDT, 0.24972, 1397.0, 22:36:31, True
1739158591736, DOGEUSDT, 0.24972, 25138.0, 22:36:31, True
1739158591736, DOGEUSDT, 0.24971, 83.0, 22:36:31, True
1739158591736, DOGEUSDT, 0.2497, 248.0, 22:36:31, True
1739158591736, DOGEUSDT, 0.24969, 1420.0, 22:36:31, True
1739158591990, DOGEUSDT, 0.24969, 27700.0, 22:36:31, True
1739158592069, DOGEUSDT, 0.24968, 484.0, 22:36:32, True
1739158592350, DOGEUSDT, 0.24968, 79134.0, 22:36:32, True
1739158592355, DOGEUSDT,851986428,0.24968,79134.0,1739158592350,True
1739158592351, DOGEUSDT, 0.24967, 2018.0, 22:36:32, True
1739158592357, DOGEUSDT, 0.24966, 1069.0, 22:36:32, True
1739158592375, DOGEUSDT, 0.24965, 1079.0, 22:36:32, True
1739158592452, DOGEUSDT, 0.24965, 35.0, 22:36:32, False
1739158592532, DOGEUSDT, 0.24964, 25.0, 22:36:32, True
1739158592837, DOGEUSDT, 0.24964, 8390.0, 22:36:32, True
1739158592855, DOGEUSDT, 0.24964, 2294.0, 22:36:32, False
1739158592855, DOGEUSDT, 0.24963, 15476.0, 22:36:32, True
1739158592863, DOGEUSDT, 0.24962, 786.0, 22:36:32, True
1739158592911, DOGEUSDT, 0.24961, 4971.0, 22:36:32, True
1739158592928, DOGEUSDT, 0.2496, 31877.0, 22:36:32, True
1739158592928, DOGEUSDT, 0.24959, 14850.0, 22:36:32, True
1739158593025, DOGEUSDT, 0.24958, 6215.0, 22:36:33, True
1739158593178, DOGEUSDT, 0.24959, 14071.0, 22:36:33, False
1739158593184, DOGEUSDT, 0.2496, 84.0, 22:36:33, False
1739158593192, DOGEUSDT, 0.24961, 399.0, 22:36:33, False
1739158593208, DOGEUSDT, 0.24962, 80.0, 22:36:33, False
1739158593218, DOGEUSDT, 0.24963, 41.0, 22:36:33, False
1739158593429, DOGEUSDT, 0.24964, 34.0, 22:36:33, False
1739158593470, DOGEUSDT, 0.24963, 8691.0, 22:36:33, True
1739158593474, DOGEUSDT, 0.24961, 67.0, 22:36:33, True
1739158593479, DOGEUSDT, 0.2496, 83.0, 22:36:33, True
1739158593548, DOGEUSDT, 0.2496, 42690.0, 22:36:33, False
1739158593661, DOGEUSDT, 0.24959, 100.0, 22:36:33, True
1739158593668, DOGEUSDT, 0.2496, 28.0, 22:36:33, False
1739158593793, DOGEUSDT, 0.24959, 1043.0, 22:36:33, True
1739158594092, DOGEUSDT, 0.24959, 11050.0, 22:36:34, True
1739158594120, DOGEUSDT, 0.24958, 16585.0, 22:36:34, True
1739158594123, DOGEUSDT, 0.24957, 1248.0, 22:36:34, True
1739158594145, DOGEUSDT, 0.24956, 17628.0, 22:36:34, True
1739158594200, DOGEUSDT, 0.24955, 1899.0, 22:36:34, True
1739158594208, DOGEUSDT, 0.24956, 15119.0, 22:36:34, False
1739158594524, DOGEUSDT, 0.24955, 15249.0, 22:36:34, True
1739158594576, DOGEUSDT, 0.24955, 95.0, 22:36:34, False
1739158594583, DOGEUSDT, 0.24954, 661.0, 22:36:34, True
1739158594583, DOGEUSDT, 0.24953, 4456.0, 22:36:34, True
1739158594583, DOGEUSDT, 0.24952, 12796.0, 22:36:34, True
1739158594725, DOGEUSDT, 0.24953, 525.0, 22:36:34, False
1739158594789, DOGEUSDT, 0.24952, 6195.0, 22:36:34, True
1739158594901, DOGEUSDT, 0.24952, 9128.0, 22:36:34, True
1739158594904, DOGEUSDT, 0.24951, 7723.0, 22:36:34, True
1739158594965, DOGEUSDT, 0.24951, 23125.0, 22:36:34, False
1739158595025, DOGEUSDT, 0.24952, 797.0, 22:36:35, True
1739158595054, DOGEUSDT, 0.24953, 1000.0, 22:36:35, False
1739158595065, DOGEUSDT, 0.24954, 41.0, 22:36:35, False
1739158595065, DOGEUSDT, 0.24955, 1147.0, 22:36:35, False
1739158595083, DOGEUSDT, 0.24956, 26612.0, 22:36:35, False
1739158595093, DOGEUSDT, 0.24957, 62.0, 22:36:35, False
1739158595108, DOGEUSDT, 0.24958, 62.0, 22:36:35, False
1739158595108, DOGEUSDT, 0.24959, 9585.0, 22:36:35, False
1739158595122, DOGEUSDT, 0.2496, 238.0, 22:36:35, False
1739158595175, DOGEUSDT, 0.24961, 41.0, 22:36:35, False
1739158595223, DOGEUSDT, 0.24961, 10000.0, 22:36:35, True
1739158595248, DOGEUSDT, 0.24962, 83.0, 22:36:35, False
1739158595461, DOGEUSDT, 0.24961, 14165.0, 22:36:35, False
1739158595464, DOGEUSDT, 0.24962, 21.0, 22:36:35, False
1739158595468, DOGEUSDT, 0.24963, 1045.0, 22:36:35, False
1739158595476, DOGEUSDT, 0.24964, 23135.0, 22:36:35, False
1739158595638, DOGEUSDT, 0.24965, 6805.0, 22:36:35, False
1739158595681, DOGEUSDT, 0.24966, 83.0, 22:36:35, False
1739158595681, DOGEUSDT, 0.24967, 84.0, 22:36:35, False
1739158595891, DOGEUSDT, 0.24967, 15650.0, 22:36:35, False
1739158595893, DOGEUSDT, 0.24968, 122.0, 22:36:35, False
1739158595946, DOGEUSDT, 0.24968, 408.0, 22:36:35, True
1739158595985, DOGEUSDT, 0.24969, 146.0, 22:36:35, False
1739158595985, DOGEUSDT, 0.24968, 37717.0, 22:36:35, True
1739158596093, DOGEUSDT, 0.24968, 64.0, 22:36:36, True
1739158596220, DOGEUSDT, 0.24969, 8338.0, 22:36:36, False
1739158596222, DOGEUSDT, 0.2497, 596.0, 22:36:36, False
1739158596222, DOGEUSDT, 0.24971, 62.0, 22:36:36, False
1739158596225, DOGEUSDT, 0.24972, 129.0, 22:36:36, False
1739158596277, DOGEUSDT, 0.24973, 2561.0, 22:36:36, False
1739158596281, DOGEUSDT, 0.24974, 41.0, 22:36:36, False
1739158596324, DOGEUSDT, 0.24975, 11800.0, 22:36:36, False
1739158596451, DOGEUSDT, 0.24975, 210.0, 22:36:36, True
1739158596609, DOGEUSDT, 0.24974, 2138.0, 22:36:36, True
1739158596621, DOGEUSDT, 0.24972, 15308.0, 22:36:36, True
1739158596623, DOGEUSDT, 0.24971, 67.0, 22:36:36, True
1739158596625, DOGEUSDT, 0.2497, 7538.0, 22:36:36, True
1739158596694, DOGEUSDT, 0.24969, 39.0, 22:36:36, True
1739158596694, DOGEUSDT, 0.24968, 2180.0, 22:36:36, True
1739158596723, DOGEUSDT, 0.24969, 12063.0, 22:36:36, False
1739158596727, DOGEUSDT, 0.2497, 2331.0, 22:36:36, False
1739158596728, DOGEUSDT, 0.24971, 24167.0, 22:36:36, False
1739158596735, DOGEUSDT, 0.24972, 4004.0, 22:36:36, False
1739158596744, DOGEUSDT, 0.24973, 21.0, 22:36:36, False
1739158596817, DOGEUSDT, 0.24973, 801.0, 22:36:36, True
1739158596929, DOGEUSDT, 0.24974, 21.0, 22:36:36, False
1739158596930, DOGEUSDT, 0.24975, 6604.0, 22:36:36, False
1739158596933, DOGEUSDT, 0.24976, 3757.0, 22:36:36, False
1739158596938, DOGEUSDT, 0.24977, 95.0, 22:36:36, False
1739158596938, DOGEUSDT, 0.24978, 12540.0, 22:36:36, False
1739158597013, DOGEUSDT, 0.24979, 2062.0, 22:36:37, False
1739158597141, DOGEUSDT, 0.2498, 6071.0, 22:36:37, False
1739158597211, DOGEUSDT, 0.24981, 41.0, 22:36:37, False
1739158597280, DOGEUSDT, 0.24981, 288.0, 22:36:37, True
1739158597284, DOGEUSDT, 0.2498, 64.0, 22:36:37, True
1739158597292, DOGEUSDT, 0.24978, 8755.0, 22:36:37, False
1739158597626, DOGEUSDT, 0.24978, 13779.0, 22:36:37, False
1739158597630, DOGEUSDT, 0.2498, 42.0, 22:36:37, False
1739158597660, DOGEUSDT, 0.24981, 15604.0, 22:36:37, False
1739158597674, DOGEUSDT,851986533,0.24985,62600.0,1739158597670,False
1739158597669, DOGEUSDT, 0.24982, 41.0, 22:36:37, False
1739158597670, DOGEUSDT, 0.24983, 503.0, 22:36:37, False
1739158597670, DOGEUSDT, 0.24984, 14466.0, 22:36:37, False
1739158597670, DOGEUSDT, 0.24985, 62600.0, 22:36:37, False
1739158597670, DOGEUSDT, 0.24986, 2343.0, 22:36:37, False
1739158597756, DOGEUSDT, 0.24987, 121.0, 22:36:37, False
1739158597768, DOGEUSDT, 0.24988, 10487.0, 22:36:37, False
1739158597768, DOGEUSDT, 0.24989, 11771.0, 22:36:37, False
1739158597768, DOGEUSDT, 0.2499, 9904.0, 22:36:37, False
1739158597768, DOGEUSDT, 0.24991, 2835.0, 22:36:37, False
1739158597769, DOGEUSDT, 0.24987, 41.0, 22:36:37, True
1739158597790, DOGEUSDT, 0.2499, 10714.0, 22:36:37, True
1739158597839, DOGEUSDT, 0.24988, 21.0, 22:36:37, False
1739158597842, DOGEUSDT, 0.24989, 815.0, 22:36:37, False
1739158597851, DOGEUSDT, 0.2499, 63.0, 22:36:37, False
1739158597856, DOGEUSDT, 0.24991, 28402.0, 22:36:37, False
1739158597993, DOGEUSDT, 0.24991, 12618.0, 22:36:37, True
1739158598041, DOGEUSDT, 0.2499, 42.0, 22:36:38, True
1739158598079, DOGEUSDT, 0.24988, 41.0, 22:36:38, True
1739158598079, DOGEUSDT, 0.24987, 83.0, 22:36:38, True
1739158598103, DOGEUSDT, 0.24986, 10595.0, 22:36:38, True
1739158598104, DOGEUSDT, 0.24985, 450.0, 22:36:38, True
1739158598241, DOGEUSDT, 0.24984, 32865.0, 22:36:38, False
1739158598347, DOGEUSDT, 0.24984, 11774.0, 22:36:38, False
1739158598351, DOGEUSDT, 0.24985, 42.0, 22:36:38, False
1739158598499, DOGEUSDT, 0.24987, 25186.0, 22:36:38, False
1739158598501, DOGEUSDT, 0.24988, 21.0, 22:36:38, False
1739158598504, DOGEUSDT, 0.24989, 21.0, 22:36:38, False
1739158598505, DOGEUSDT, 0.2499, 29708.0, 22:36:38, False
1739158598516, DOGEUSDT, 0.24991, 1021.0, 22:36:38, False
1739158598523, DOGEUSDT, 0.24992, 4885.0, 22:36:38, False
1739158598527, DOGEUSDT, 0.24993, 88.0, 22:36:38, False
1739158598527, DOGEUSDT, 0.24994, 88.0, 22:36:38, False
1739158598593, DOGEUSDT, 0.24995, 384.0, 22:36:38, False
1739158598725, DOGEUSDT, 0.24996, 2239.0, 22:36:38, False
1739158598732, DOGEUSDT, 0.24997, 148.0, 22:36:38, False
1739158598747, DOGEUSDT, 0.24996, 1955.0, 22:36:38, True
1739158598770, DOGEUSDT, 0.24997, 3362.0, 22:36:38, False
1739158598775, DOGEUSDT, 0.24998, 3501.0, 22:36:38, False
1739158598778, DOGEUSDT, 0.24999, 236.0, 22:36:38, False
1739158598913, DOGEUSDT, 0.25, 84.0, 22:36:38, False
1739158598964, DOGEUSDT, 0.24999, 7139.0, 22:36:38, True
1739158599001, DOGEUSDT, 0.24997, 8452.0, 22:36:39, True
1739158599001, DOGEUSDT, 0.24996, 4121.0, 22:36:39, True
1739158599006, DOGEUSDT, 0.24995, 1932.0, 22:36:39, True
1739158599046, DOGEUSDT, 0.24994, 41.0, 22:36:39, True
1739158599065, DOGEUSDT, 0.24993, 4739.0, 22:36:39, True
1739158599065, DOGEUSDT, 0.24992, 171.0, 22:36:39, True
1739158599065, DOGEUSDT, 0.24991, 916.0, 22:36:39, True
1739158599131, DOGEUSDT, 0.24992, 5221.0, 22:36:39, False
1739158599263, DOGEUSDT, 0.24992, 8760.0, 22:36:39, False
1739158599357, DOGEUSDT, 0.24991, 666.0, 22:36:39, True
1739158599361, DOGEUSDT, 0.2499, 42.0, 22:36:39, True
1739158599490, DOGEUSDT, 0.24989, 515.0, 22:36:39, True
1739158599496, DOGEUSDT, 0.24988, 41.0, 22:36:39, True
1739158599650, DOGEUSDT, 0.2499, 537.0, 22:36:39, False
1739158599652, DOGEUSDT, 0.24991, 2330.0, 22:36:39, False
1739158599655, DOGEUSDT, 0.24991, 78121.0, 22:36:39, True
1739158599809, DOGEUSDT,851986587,0.24991,78121.0,1739158599655,True
1739158599831, DOGEUSDT, 0.24991, 8694.0, 22:36:39, True
1739158600035, DOGEUSDT, 0.24991, 8571.0, 22:36:40, True
1739158600038, DOGEUSDT, 0.2499, 42.0, 22:36:40, True
1739158600039, DOGEUSDT, 0.24989, 4140.0, 22:36:40, True
1739158600307, DOGEUSDT, 0.24987, 12594.0, 22:36:40, True
1739158600307, DOGEUSDT, 0.24986, 1820.0, 22:36:40, True
1739158600311, DOGEUSDT, 0.24985, 2782.0, 22:36:40, True
1739158600311, DOGEUSDT, 0.24984, 744.0, 22:36:40, True
1739158600324, DOGEUSDT, 0.24984, 16596.0, 22:36:40, False
1739158600408, DOGEUSDT, 0.24985, 22114.0, 22:36:40, False
1739158600456, DOGEUSDT, 0.24988, 863.0, 22:36:40, False
1739158600720, DOGEUSDT, 0.24987, 367.0, 22:36:40, True
1739158600720, DOGEUSDT, 0.24986, 42.0, 22:36:40, True
1739158600720, DOGEUSDT, 0.24985, 84.0, 22:36:40, True
1739158600720, DOGEUSDT, 0.24984, 11601.0, 22:36:40, True
1739158600720, DOGEUSDT, 0.24983, 23915.0, 22:36:40, True
1739158600839, DOGEUSDT, 0.24984, 5787.0, 22:36:40, False
1739158600887, DOGEUSDT, 0.24985, 42.0, 22:36:40, False
1739158600905, DOGEUSDT, 0.24987, 41.0, 22:36:40, False
1739158601011, DOGEUSDT, 0.24987, 2518.0, 22:36:41, True
1739158601044, DOGEUSDT, 0.24986, 4691.0, 22:36:41, True
1739158601059, DOGEUSDT,851986609,0.24986,70595.0,1739158601056,False
1739158601056, DOGEUSDT, 0.24986, 70595.0, 22:36:41, False
1739158601056, DOGEUSDT, 0.24987, 30645.0, 22:36:41, False
1739158601056, DOGEUSDT, 0.24988, 48387.0, 22:36:41, False
1739158601056, DOGEUSDT, 0.24989, 8676.0, 22:36:41, False
1739158601056, DOGEUSDT, 0.2499, 4692.0, 22:36:41, False
1739158601110, DOGEUSDT, 0.24989, 12400.0, 22:36:41, True
1739158601110, DOGEUSDT, 0.24988, 21.0, 22:36:41, True
1739158601110, DOGEUSDT, 0.24987, 21.0, 22:36:41, True
1739158601110, DOGEUSDT, 0.24986, 62.0, 22:36:41, True
1739158601110, DOGEUSDT, 0.24985, 8655.0, 22:36:41, True
1739158601110, DOGEUSDT, 0.24984, 7454.0, 22:36:41, True
1739158601110, DOGEUSDT, 0.24983, 5261.0, 22:36:41, True
1739158601173, DOGEUSDT, 0.24985, 42.0, 22:36:41, False
1739158601173, DOGEUSDT, 0.24986, 15560.0, 22:36:41, False
1739158601182, DOGEUSDT, 0.24987, 101.0, 22:36:41, False
1739158601239, DOGEUSDT, 0.24988, 84.0, 22:36:41, False
1739158601362, DOGEUSDT, 0.24989, 62.0, 22:36:41, False
1739158601364, DOGEUSDT, 0.2499, 3453.0, 22:36:41, False
1739158601480, DOGEUSDT, 0.2499, 547.0, 22:36:41, True
1739158601510, DOGEUSDT, 0.24988, 8427.0, 22:36:41, True
1739158601510, DOGEUSDT, 0.24987, 9144.0, 22:36:41, True
1739158601514, DOGEUSDT, 0.24986, 41.0, 22:36:41, True
1739158601545, DOGEUSDT, 0.24985, 7000.0, 22:36:41, True
1739158601566, DOGEUSDT, 0.24983, 92.0, 22:36:41, True
1739158601612, DOGEUSDT, 0.24983, 37950.0, 22:36:41, False
1739158601613, DOGEUSDT, 0.24984, 3270.0, 22:36:41, False
1739158601618, DOGEUSDT, 0.24985, 42.0, 22:36:41, False
1739158601628, DOGEUSDT, 0.24986, 246.0, 22:36:41, False
1739158601670, DOGEUSDT, 0.24987, 41.0, 22:36:41, False
1739158601811, DOGEUSDT, 0.24985, 2869.0, 22:36:41, True
1739158601816, DOGEUSDT, 0.24984, 4982.0, 22:36:41, True
1739158601820, DOGEUSDT, 0.24983, 210.0, 22:36:41, True
1739158601879, DOGEUSDT, 0.24982, 105.0, 22:36:41, True
1739158601921, DOGEUSDT, 0.24981, 41.0, 22:36:41, True
1739158601927, DOGEUSDT, 0.2498, 104.0, 22:36:41, True
1739158601931, DOGEUSDT, 0.24979, 62.0, 22:36:41, True
1739158602000, DOGEUSDT, 0.24978, 1744.0, 22:36:42, True
1739158602002, DOGEUSDT, 0.24977, 22247.0, 22:36:42, True
1739158602006, DOGEUSDT, 0.24976, 41.0, 22:36:42, True
1739158602032, DOGEUSDT, 0.24975, 7793.0, 22:36:42, True
1739158602187, DOGEUSDT, 0.24975, 11419.0, 22:36:42, False
1739158602243, DOGEUSDT, 0.24977, 1212.0, 22:36:42, True
1739158602275, DOGEUSDT, 0.24978, 1822.0, 22:36:42, False
1739158602276, DOGEUSDT, 0.24979, 14809.0, 22:36:42, False
1739158602303, DOGEUSDT, 0.2498, 104.0, 22:36:42, False
1739158602352, DOGEUSDT, 0.24981, 41.0, 22:36:42, False
1739158602353, DOGEUSDT, 0.24982, 1063.0, 22:36:42, False
1739158602353, DOGEUSDT, 0.24983, 62.0, 22:36:42, False
1739158602365, DOGEUSDT, 0.24984, 189.0, 22:36:42, False
1739158602367, DOGEUSDT, 0.24985, 7143.0, 22:36:42, False
1739158602368, DOGEUSDT, 0.24986, 8748.0, 22:36:42, False
1739158602369, DOGEUSDT, 0.24982, 1765.0, 22:36:42, True
1739158602500, DOGEUSDT, 0.24986, 18122.0, 22:36:42, True
1739158602568, DOGEUSDT, 0.24986, 54.0, 22:36:42, False
1739158602581, DOGEUSDT, 0.24985, 110.0, 22:36:42, True
1739158602726, DOGEUSDT, 0.24984, 5283.0, 22:36:42, True
1739158602729, DOGEUSDT, 0.24983, 41.0, 22:36:42, True
1739158602740, DOGEUSDT, 0.24982, 80.0, 22:36:42, True
1739158602741, DOGEUSDT, 0.24981, 449.0, 22:36:42, True
1739158602794, DOGEUSDT, 0.2498, 563.0, 22:36:42, True
1739158602823, DOGEUSDT, 0.24979, 42.0, 22:36:42, True
1739158602833, DOGEUSDT, 0.24978, 127.0, 22:36:42, False
1739158603006, DOGEUSDT, 0.24976, 41.0, 22:36:43, True
1739158603006, DOGEUSDT, 0.24975, 146.0, 22:36:43, True
1739158603006, DOGEUSDT, 0.24974, 398.0, 22:36:43, True
1739158603006, DOGEUSDT, 0.24973, 3726.0, 22:36:43, True
1739158603006, DOGEUSDT, 0.24972, 2260.0, 22:36:43, True
1739158603006, DOGEUSDT, 0.24971, 1738.0, 22:36:43, True
1739158603006, DOGEUSDT, 0.2497, 31095.0, 22:36:43, True
1739158603006, DOGEUSDT, 0.24969, 607.0, 22:36:43, True
1739158603045, DOGEUSDT, 0.2497, 39.0, 22:36:43, True
1739158603074, DOGEUSDT, 0.2497, 927.0, 22:36:43, False
1739158603319, DOGEUSDT, 0.24969, 2801.0, 22:36:43, True
1739158603337, DOGEUSDT, 0.2497, 20825.0, 22:36:43, False
1739158603372, DOGEUSDT, 0.24971, 67.0, 22:36:43, False
1739158603452, DOGEUSDT, 0.24973, 100.0, 22:36:43, False
1739158603486, DOGEUSDT, 0.24972, 53732.0, 22:36:43, True
1739158603618, DOGEUSDT, 0.24973, 4071.0, 22:36:43, False
1739158603656, DOGEUSDT, 0.24974, 60.0, 22:36:43, False
1739158603674, DOGEUSDT, 0.24975, 1823.0, 22:36:43, False
1739158603679, DOGEUSDT, 0.24976, 13604.0, 22:36:43, False
1739158603682, DOGEUSDT, 0.24977, 3582.0, 22:36:43, False
1739158603682, DOGEUSDT, 0.24978, 4046.0, 22:36:43, False
1739158603684, DOGEUSDT, 0.24979, 3085.0, 22:36:43, False
1739158603695, DOGEUSDT, 0.2498, 2105.0, 22:36:43, False
1739158603704, DOGEUSDT, 0.24981, 4739.0, 22:36:43, False
1739158603710, DOGEUSDT, 0.24982, 31958.0, 22:36:43, False
1739158603715, DOGEUSDT, 0.24983, 2084.0, 22:36:43, False
1739158603718, DOGEUSDT, 0.24982, 4002.0, 22:36:43, False
1739158603719, DOGEUSDT, 0.24983, 2000.0, 22:36:43, False
1739158603719, DOGEUSDT, 0.24984, 2129.0, 22:36:43, False
1739158603722, DOGEUSDT, 0.24982, 2001.0, 22:36:43, False
1739158603727, DOGEUSDT, 0.24985, 21560.0, 22:36:43, False
1739158603737, DOGEUSDT, 0.24986, 14130.0, 22:36:43, False
1739158603758, DOGEUSDT, 0.24987, 4006.0, 22:36:43, False
1739158603758, DOGEUSDT, 0.24988, 22635.0, 22:36:43, False
1739158603974, DOGEUSDT, 0.24987, 4325.0, 22:36:43, True
1739158604057, DOGEUSDT, 0.24986, 41.0, 22:36:44, True
1739158604138, DOGEUSDT, 0.24985, 25.0, 22:36:44, True
1739158604240, DOGEUSDT, 0.24985, 632.0, 22:36:44, True
1739158604240, DOGEUSDT, 0.24984, 25.0, 22:36:44, True
1739158604240, DOGEUSDT, 0.24983, 81.0, 22:36:44, True
1739158604368, DOGEUSDT, 0.24983, 6258.0, 22:36:44, False
1739158604411, DOGEUSDT, 0.24984, 29116.0, 22:36:44, True
1739158604413, DOGEUSDT, 0.24985, 63.0, 22:36:44, False
1739158604414, DOGEUSDT, 0.24986, 9274.0, 22:36:44, False
1739158604425, DOGEUSDT, 0.24987, 159.0, 22:36:44, False
1739158604467, DOGEUSDT, 0.24988, 7501.0, 22:36:44, False
1739158604525, DOGEUSDT, 0.24988, 284.0, 22:36:44, True
1739158604547, DOGEUSDT, 0.24989, 396.0, 22:36:44, False
1739158604587, DOGEUSDT, 0.2499, 104.0, 22:36:44, False
1739158604615, DOGEUSDT, 0.24991, 62.0, 22:36:44, False
1739158604636, DOGEUSDT,851986721,0.24992,86258.0,1739158604616,False
1739158604616, DOGEUSDT, 0.24992, 86258.0, 22:36:44, False
1739158604632, DOGEUSDT, 0.24993, 62.0, 22:36:44, False
1739158604654, DOGEUSDT, 0.24994, 41.0, 22:36:44, False
1739158604688, DOGEUSDT, 0.24995, 108.0, 22:36:44, False
1739158604691, DOGEUSDT, 0.24996, 6689.0, 22:36:44, False
1739158604700, DOGEUSDT, 0.24997, 1095.0, 22:36:44, False
1739158604700, DOGEUSDT, 0.24998, 83.0, 22:36:44, False
1739158604726, DOGEUSDT, 0.24999, 150.0, 22:36:44, False
1739158604747, DOGEUSDT, 0.25, 20015.0, 22:36:44, False
1739158604822, DOGEUSDT, 0.25001, 4660.0, 22:36:44, False
1739158604866, DOGEUSDT, 0.25002, 241.0, 22:36:44, False
1739158604866, DOGEUSDT, 0.25003, 10408.0, 22:36:44, False
1739158605000, DOGEUSDT, 0.25004, 321.0, 22:36:45, False
1739158605015, DOGEUSDT, 0.25004, 402.0, 22:36:45, True
1739158605049, DOGEUSDT, 0.25005, 2674.0, 22:36:45, False
1739158605066, DOGEUSDT, 0.25005, 845.0, 22:36:45, True
1739158605104, DOGEUSDT, 0.25006, 2430.0, 22:36:45, False
1739158605156, DOGEUSDT, 0.25007, 27270.0, 22:36:45, False
1739158605314, DOGEUSDT, 0.25008, 33.0, 22:36:45, False
1739158605316, DOGEUSDT, 0.25009, 442.0, 22:36:45, False
1739158605324, DOGEUSDT, 0.2501, 13927.0, 22:36:45, False
1739158605337, DOGEUSDT, 0.25011, 2911.0, 22:36:45, False
1739158605351, DOGEUSDT, 0.25012, 2178.0, 22:36:45, False
1739158605358, DOGEUSDT, 0.25013, 86.0, 22:36:45, False
1739158605424, DOGEUSDT, 0.25014, 1348.0, 22:36:45, False
1739158605425, DOGEUSDT, 0.25015, 2100.0, 22:36:45, False
1739158605451, DOGEUSDT, 0.25016, 514.0, 22:36:45, False
1739158605518, DOGEUSDT, 0.25017, 3621.0, 22:36:45, False
1739158605623, DOGEUSDT, 0.25017, 1802.0, 22:36:45, True
1739158605739, DOGEUSDT, 0.25017, 19110.0, 22:36:45, False
1739158605752, DOGEUSDT, 0.25018, 7958.0, 22:36:45, False
1739158605767, DOGEUSDT, 0.25019, 81.0, 22:36:45, False
1739158605798, DOGEUSDT, 0.2502, 1230.0, 22:36:45, False
1739158605802, DOGEUSDT, 0.25021, 61.0, 22:36:45, False
1739158606005, DOGEUSDT, 0.25022, 8276.0, 22:36:46, False
1739158606025, DOGEUSDT, 0.25023, 490.0, 22:36:46, False
1739158606116, DOGEUSDT, 0.25023, 307.0, 22:36:46, True
1739158606146, DOGEUSDT, 0.25024, 15130.0, 22:36:46, False
1739158606148, DOGEUSDT, 0.25025, 2428.0, 22:36:46, False
1739158606149, DOGEUSDT, 0.25026, 5055.0, 22:36:46, False
1739158606258, DOGEUSDT, 0.25027, 80.0, 22:36:46, False
1739158606311, DOGEUSDT, 0.25028, 4392.0, 22:36:46, False
1739158606328, DOGEUSDT, 0.25028, 12027.0, 22:36:46, True
1739158606531, DOGEUSDT, 0.25028, 933.0, 22:36:46, True
1739158606645, DOGEUSDT, 0.25029, 32873.0, 22:36:46, False
1739158606648, DOGEUSDT, 0.2503, 2454.0, 22:36:46, False
1739158606649, DOGEUSDT, 0.25031, 2841.0, 22:36:46, False
1739158606651, DOGEUSDT, 0.25032, 1598.0, 22:36:46, False
1739158606686, DOGEUSDT, 0.25033, 711.0, 22:36:46, False
1739158606717, DOGEUSDT, 0.25034, 6839.0, 22:36:46, False
1739158606817, DOGEUSDT, 0.25035, 856.0, 22:36:46, False
1739158606829, DOGEUSDT, 0.25036, 74037.0, 22:36:46, False
1739158606865, DOGEUSDT,851986772,0.25036,74037.0,1739158606829,False
1739158606853, DOGEUSDT, 0.25037, 121.0, 22:36:46, False
1739158606881, DOGEUSDT, 0.25037, 257.0, 22:36:46, True
1739158606897, DOGEUSDT, 0.25038, 61.0, 22:36:46, False
1739158606986, DOGEUSDT, 0.25038, 24.0, 22:36:46, True
1739158606998, DOGEUSDT, 0.25039, 709.0, 22:36:46, False
1739158607115, DOGEUSDT, 0.25039, 21.0, 22:36:47, True
1739158607172, DOGEUSDT, 0.2504, 15322.0, 22:36:47, False
1739158607226, DOGEUSDT, 0.25041, 957.0, 22:36:47, False
1739158607230, DOGEUSDT, 0.25042, 273.0, 22:36:47, False
1739158607230, DOGEUSDT, 0.25043, 1618.0, 22:36:47, False
1739158607385, DOGEUSDT,851986783,0.25044,74072.0,1739158607231,False
1739158607231, DOGEUSDT, 0.25044, 74072.0, 22:36:47, False
1739158607449, DOGEUSDT, 0.25045, 696.0, 22:36:47, False
1739158607495, DOGEUSDT,851986785,0.25044,96466.0,1739158607479,True
1739158607479, DOGEUSDT, 0.25044, 96466.0, 22:36:47, True
1739158607492, DOGEUSDT, 0.25043, 18778.0, 22:36:47, True
1739158607492, DOGEUSDT, 0.25042, 15128.0, 22:36:47, True
1739158607584, DOGEUSDT,851986788,0.25041,185291.0,1739158607578,True
1739158607578, DOGEUSDT, 0.25041, 185291.0, 22:36:47, True
1739158607581, DOGEUSDT, 0.2504, 12235.0, 22:36:47, True
1739158607597, DOGEUSDT, 0.25039, 37304.0, 22:36:47, True
1739158607653, DOGEUSDT, 0.25038, 20.0, 22:36:47, True
1739158607790, DOGEUSDT, 0.25038, 41.0, 22:36:47, True
1739158607913, DOGEUSDT, 0.25038, 44485.0, 22:36:47, False
1739158607914, DOGEUSDT, 0.25039, 12583.0, 22:36:47, False
1739158607919, DOGEUSDT, 0.2504, 81.0, 22:36:47, False
1739158607943, DOGEUSDT, 0.25038, 2000.0, 22:36:47, True
1739158607975, DOGEUSDT, 0.25041, 127.0, 22:36:47, False
1739158608104, DOGEUSDT,851986807,0.2505,84181.0,1739158608100,False
1739158608056, DOGEUSDT, 0.25041, 28.0, 22:36:48, True
1739158608100, DOGEUSDT, 0.25042, 61.0, 22:36:48, False
1739158608100, DOGEUSDT, 0.25043, 4724.0, 22:36:48, False
1739158608100, DOGEUSDT, 0.25044, 169.0, 22:36:48, False
1739158608100, DOGEUSDT, 0.25045, 1752.0, 22:36:48, False
1739158608100, DOGEUSDT, 0.25046, 7302.0, 22:36:48, False
1739158608100, DOGEUSDT, 0.25047, 7292.0, 22:36:48, False
1739158608100, DOGEUSDT, 0.25048, 8672.0, 22:36:48, False
1739158608100, DOGEUSDT, 0.25049, 20188.0, 22:36:48, False
1739158608100, DOGEUSDT, 0.2505, 84181.0, 22:36:48, False
1739158608100, DOGEUSDT, 0.25051, 26557.0, 22:36:48, False
1739158608150, DOGEUSDT, 0.25048, 13993.0, 22:36:48, False
1739158608220, DOGEUSDT, 0.25049, 2590.0, 22:36:48, False
1739158608320, DOGEUSDT, 0.2505, 40.0, 22:36:48, False
1739158608416, DOGEUSDT, 0.25052, 103.0, 22:36:48, False
1739158608416, DOGEUSDT, 0.25053, 227.0, 22:36:48, False
1739158608416, DOGEUSDT, 0.25054, 103.0, 22:36:48, False
1739158608416, DOGEUSDT, 0.25055, 2182.0, 22:36:48, False
1739158608416, DOGEUSDT, 0.25056, 152.0, 22:36:48, False
1739158608416, DOGEUSDT, 0.25057, 9359.0, 22:36:48, False
1739158608416, DOGEUSDT, 0.25058, 11594.0, 22:36:48, False
1739158608582, DOGEUSDT, 0.25056, 5408.0, 22:36:48, True
1739158608744, DOGEUSDT, 0.25055, 24.0, 22:36:48, True
1739158608865, DOGEUSDT, 0.25055, 4869.0, 22:36:48, True
1739158609013, DOGEUSDT, 0.25056, 17910.0, 22:36:49, False
1739158609015, DOGEUSDT, 0.25057, 5324.0, 22:36:49, False
1739158609018, DOGEUSDT, 0.25058, 20.0, 22:36:49, False
1739158609076, DOGEUSDT, 0.25058, 1186.0, 22:36:49, True
1739158609304, DOGEUSDT, 0.25058, 2098.0, 22:36:49, True
1739158609645, DOGEUSDT, 0.25058, 34.0, 22:36:49, True
1739158609691, DOGEUSDT, 0.25059, 25299.0, 22:36:49, False
1739158609748, DOGEUSDT, 0.2506, 19957.0, 22:36:49, False
1739158609756, DOGEUSDT, 0.25061, 3771.0, 22:36:49, False
1739158609756, DOGEUSDT, 0.25062, 15250.0, 22:36:49, False
1739158609774, DOGEUSDT, 0.25063, 1061.0, 22:36:49, False
1739158609774, DOGEUSDT, 0.25064, 1901.0, 22:36:49, False
1739158609774, DOGEUSDT, 0.25065, 5233.0, 22:36:49, False
1739158609774, DOGEUSDT, 0.25066, 5131.0, 22:36:49, False
1739158609827, DOGEUSDT,851986836,0.25067,90635.0,1739158609783,False
1739158609783, DOGEUSDT, 0.25067, 90635.0, 22:36:49, False
1739158609848, DOGEUSDT,851986837,0.25068,146677.0,1739158609801,False
1739158609801, DOGEUSDT, 0.25068, 146677.0, 22:36:49, False
1739158609821, DOGEUSDT, 0.25069, 20905.0, 22:36:49, False
1739158609889, DOGEUSDT,851986839,0.2507,94697.0,1739158609833,False
1739158609889, DOGEUSDT,851986840,0.25071,67273.0,1739158609860,False
1739158609833, DOGEUSDT, 0.2507, 94697.0, 22:36:49, False
1739158609860, DOGEUSDT, 0.25071, 67273.0, 22:36:49, False
1739158609913, DOGEUSDT,851986841,0.25072,94104.0,1739158609860,False
1739158609860, DOGEUSDT, 0.25072, 94104.0, 22:36:49, False
1739158609888, DOGEUSDT, 0.25073, 16220.0, 22:36:49, False
1739158609928, DOGEUSDT, 0.25074, 8235.0, 22:36:49, False
1739158609937, DOGEUSDT, 0.25073, 1833.0, 22:36:49, True
1739158609937, DOGEUSDT, 0.2507, 12636.0, 22:36:49, True
1739158609945, DOGEUSDT, 0.25065, 6611.0, 22:36:49, True
1739158609966, DOGEUSDT, 0.25069, 3990.0, 22:36:49, False
1739158609966, DOGEUSDT, 0.2507, 24206.0, 22:36:49, False
1739158609981, DOGEUSDT, 0.25067, 1994.0, 22:36:49, False
1739158609984, DOGEUSDT, 0.2507, 15616.0, 22:36:49, False
1739158609995, DOGEUSDT, 0.25071, 997.0, 22:36:49, False
1739158609995, DOGEUSDT, 0.25072, 1994.0, 22:36:49, False
1739158609995, DOGEUSDT, 0.25073, 1994.0, 22:36:49, False
1739158609995, DOGEUSDT, 0.25074, 14695.0, 22:36:49, False
1739158610014, DOGEUSDT, 0.25071, 997.0, 22:36:50, False
1739158610026, DOGEUSDT, 0.25072, 1995.0, 22:36:50, False
1739158610038, DOGEUSDT, 0.2507, 1994.0, 22:36:50, False
1739158610045, DOGEUSDT, 0.25069, 5000.0, 22:36:50, True
1739158610047, DOGEUSDT, 0.25072, 997.0, 22:36:50, False
1739158610047, DOGEUSDT, 0.25073, 20.0, 22:36:50, False
1739158610070, DOGEUSDT, 0.25069, 24436.0, 22:36:50, True
1739158610087, DOGEUSDT, 0.25072, 1994.0, 22:36:50, False
1739158610087, DOGEUSDT, 0.25073, 1994.0, 22:36:50, False
1739158610087, DOGEUSDT, 0.25074, 4112.0, 22:36:50, False
1739158610087, DOGEUSDT, 0.25075, 25705.0, 22:36:50, False
1739158610087, DOGEUSDT, 0.25076, 11523.0, 22:36:50, False
1739158610088, DOGEUSDT, 0.25077, 59721.0, 22:36:50, False
1739158610217, DOGEUSDT, 0.25077, 48935.0, 22:36:50, False
1739158610502, DOGEUSDT, 0.25076, 1818.0, 22:36:50, True
1739158610644, DOGEUSDT, 0.25077, 204.0, 22:36:50, False
1739158610669, DOGEUSDT, 0.25078, 490.0, 22:36:50, False
1739158610669, DOGEUSDT, 0.25079, 121.0, 22:36:50, False
1739158610801, DOGEUSDT, 0.25077, 18273.0, 22:36:50, True
1739158610893, DOGEUSDT, 0.25078, 21.0, 22:36:50, False
1739158611133, DOGEUSDT, 0.25077, 1995.0, 22:36:51, True
1739158611459, DOGEUSDT, 0.25078, 13471.0, 22:36:51, False
1739158611490, DOGEUSDT, 0.25077, 62846.0, 22:36:51, True
1739158611541, DOGEUSDT,851986877,0.25077,62846.0,1739158611490,True
1739158611536, DOGEUSDT, 0.25076, 102.0, 22:36:51, True
1739158611537, DOGEUSDT, 0.25075, 1532.0, 22:36:51, True
1739158611619, DOGEUSDT, 0.25074, 16.0, 22:36:51, True
1739158611694, DOGEUSDT, 0.25076, 2617.0, 22:36:51, False
1739158611817, DOGEUSDT, 0.25074, 41513.0, 22:36:51, True
1739158611830, DOGEUSDT, 0.25073, 142.0, 22:36:51, True
1739158611830, DOGEUSDT, 0.25072, 169.0, 22:36:51, True
1739158611830, DOGEUSDT, 0.25071, 40044.0, 22:36:51, True
1739158611889, DOGEUSDT, 0.2507, 204.0, 22:36:51, True
1739158611889, DOGEUSDT, 0.25069, 16168.0, 22:36:51, True
1739158611898, DOGEUSDT, 0.25074, 3418.0, 22:36:51, True
1739158611902, DOGEUSDT, 0.25069, 16098.0, 22:36:51, True
1739158611923, DOGEUSDT, 0.25068, 185.0, 22:36:51, True
1739158611934, DOGEUSDT, 0.25067, 2528.0, 22:36:51, True
1739158611953, DOGEUSDT, 0.25068, 146.0, 22:36:51, False
1739158611956, DOGEUSDT, 0.25067, 7558.0, 22:36:51, True
1739158612017, DOGEUSDT, 0.25066, 720.0, 22:36:52, True
1739158612034, DOGEUSDT, 0.25065, 12280.0, 22:36:52, True
1739158612170, DOGEUSDT, 0.25065, 1382.0, 22:36:52, True
1739158612177, DOGEUSDT, 0.25064, 152.0, 22:36:52, True
1739158612178, DOGEUSDT, 0.25068, 829.0, 22:36:52, False
1739158612184, DOGEUSDT, 0.25068, 349601.0, 22:36:52, True
1739158612228, DOGEUSDT,851986899,0.25068,349601.0,1739158612184,True
1739158612224, DOGEUSDT, 0.25063, 5102.0, 22:36:52, True
1739158612224, DOGEUSDT, 0.25062, 1111.0, 22:36:52, True
1739158612393, DOGEUSDT, 0.25062, 12362.0, 22:36:52, False
1739158612393, DOGEUSDT, 0.25063, 12740.0, 22:36:52, False
1739158612393, DOGEUSDT, 0.25065, 3264.0, 22:36:52, False
1739158612393, DOGEUSDT, 0.25066, 864.0, 22:36:52, False
1739158612393, DOGEUSDT, 0.25067, 864.0, 22:36:52, False
1739158612393, DOGEUSDT, 0.25068, 61430.0, 22:36:52, False
1739158612453, DOGEUSDT,851986907,0.25068,61430.0,1739158612393,False
1739158612450, DOGEUSDT, 0.25067, 21.0, 22:36:52, True
1739158612457, DOGEUSDT, 0.25066, 21.0, 22:36:52, True
1739158612457, DOGEUSDT, 0.25065, 101.0, 22:36:52, True
1739158612457, DOGEUSDT, 0.25063, 776.0, 22:36:52, True
1739158612539, DOGEUSDT, 0.25064, 646.0, 22:36:52, False
1739158612680, DOGEUSDT, 0.25064, 14017.0, 22:36:52, False
1739158612736, DOGEUSDT, 0.25065, 746.0, 22:36:52, False
1739158612760, DOGEUSDT, 0.25066, 42.0, 22:36:52, False
1739158612765, DOGEUSDT, 0.25067, 80.0, 22:36:52, False
1739158612765, DOGEUSDT, 0.25068, 25435.0, 22:36:52, False
1739158612770, DOGEUSDT, 0.25069, 460.0, 22:36:52, False
1739158612785, DOGEUSDT, 0.2507, 80.0, 22:36:52, False
1739158612829, DOGEUSDT, 0.25072, 21.0, 22:36:52, False
1739158612854, DOGEUSDT, 0.25072, 9455.0, 22:36:52, True
1739158612887, DOGEUSDT, 0.25073, 429.0, 22:36:52, False
1739158612895, DOGEUSDT, 0.25074, 41.0, 22:36:52, False
1739158612895, DOGEUSDT, 0.25075, 18605.0, 22:36:52, False
1739158612895, DOGEUSDT, 0.25076, 6115.0, 22:36:52, False
1739158612895, DOGEUSDT, 0.25077, 4637.0, 22:36:52, False
1739158612938, DOGEUSDT, 0.25078, 13506.0, 22:36:52, False
1739158613054, DOGEUSDT, 0.25078, 2806.0, 22:36:53, True
1739158613061, DOGEUSDT, 0.25079, 481.0, 22:36:53, False
1739158613105, DOGEUSDT, 0.2508, 1010.0, 22:36:53, False
1739158613112, DOGEUSDT, 0.2508, 8769.0, 22:36:53, True
1739158613124, DOGEUSDT, 0.25081, 386.0, 22:36:53, False
1739158613126, DOGEUSDT, 0.25082, 586.0, 22:36:53, False
1739158613130, DOGEUSDT, 0.25083, 4415.0, 22:36:53, False
1739158613240, DOGEUSDT, 0.25083, 545.0, 22:36:53, True
1739158613351, DOGEUSDT, 0.25083, 2713.0, 22:36:53, True
1739158613354, DOGEUSDT, 0.25082, 94.0, 22:36:53, True
1739158613402, DOGEUSDT, 0.25081, 26057.0, 22:36:53, False
1739158613402, DOGEUSDT, 0.25082, 21702.0, 22:36:53, False
1739158613402, DOGEUSDT, 0.25083, 20497.0, 22:36:53, False
1739158613424, DOGEUSDT,851986941,0.25084,62069.0,1739158613402,False
1739158613402, DOGEUSDT, 0.25084, 62069.0, 22:36:53, False
1739158613421, DOGEUSDT, 0.25084, 898.0, 22:36:53, True
1739158613557, DOGEUSDT, 0.25084, 241512.0, 22:36:53, True
1739158613712, DOGEUSDT,851986943,0.25084,241512.0,1739158613557,True
1739158613782, DOGEUSDT, 0.25084, 228.0, 22:36:53, True
1739158613905, DOGEUSDT, 0.25085, 6549.0, 22:36:53, False
1739158614235, DOGEUSDT, 0.25085, 34718.0, 22:36:54, True
1739158614305, DOGEUSDT, 0.25084, 189552.0, 22:36:54, True
1739158614323, DOGEUSDT,851986947,0.25084,189552.0,1739158614305,True
1739158614315, DOGEUSDT, 0.25082, 107.0, 22:36:54, True
1739158614363, DOGEUSDT, 0.25082, 598.0, 22:36:54, False
1739158614377, DOGEUSDT, 0.25081, 5470.0, 22:36:54, True
1739158614635, DOGEUSDT, 0.25081, 602.0, 22:36:54, True
1739158614727, DOGEUSDT, 0.2508, 11983.0, 22:36:54, True
1739158614750, DOGEUSDT, 0.25079, 3041.0, 22:36:54, True
1739158614773, DOGEUSDT, 0.25078, 41.0, 22:36:54, True
1739158614872, DOGEUSDT, 0.25078, 143.0, 22:36:54, False
1739158614897, DOGEUSDT, 0.25077, 215.0, 22:36:54, True
1739158614910, DOGEUSDT, 0.25075, 200.0, 22:36:54, True
1739158614978, DOGEUSDT, 0.25074, 41.0, 22:36:54, True
1739158614997, DOGEUSDT, 0.25074, 709.0, 22:36:54, False
1739158615053, DOGEUSDT, 0.25073, 558.0, 22:36:55, True
1739158615071, DOGEUSDT, 0.25072, 41.0, 22:36:55, True
1739158615103, DOGEUSDT, 0.25072, 24836.0, 22:36:55, False
1739158615379, DOGEUSDT, 0.25073, 18191.0, 22:36:55, True
1739158615471, DOGEUSDT, 0.25074, 25153.0, 22:36:55, False
1739158615481, DOGEUSDT, 0.25075, 2390.0, 22:36:55, False
1739158615484, DOGEUSDT, 0.25076, 61.0, 22:36:55, False
1739158615487, DOGEUSDT, 0.25077, 1670.0, 22:36:55, False
1739158615505, DOGEUSDT, 0.25077, 13550.0, 22:36:55, True
1739158615519, DOGEUSDT, 0.25075, 80.0, 22:36:55, True
1739158615519, DOGEUSDT, 0.25074, 7268.0, 22:36:55, True
1739158615526, DOGEUSDT, 0.25073, 7795.0, 22:36:55, True
1739158615570, DOGEUSDT, 0.25073, 1294.0, 22:36:55, False
1739158615720, DOGEUSDT, 0.25072, 5355.0, 22:36:55, True
1739158615792, DOGEUSDT, 0.25071, 449.0, 22:36:55, True
1739158615793, DOGEUSDT, 0.2507, 1300.0, 22:36:55, True
1739158615815, DOGEUSDT, 0.25071, 3516.0, 22:36:55, False
1739158615876, DOGEUSDT, 0.2507, 41.0, 22:36:55, True
1739158615886, DOGEUSDT, 0.25069, 2319.0, 22:36:55, True
1739158615898, DOGEUSDT, 0.25068, 427.0, 22:36:55, True
1739158615942, DOGEUSDT, 0.25067, 121.0, 22:36:55, True
1739158615942, DOGEUSDT, 0.25066, 83.0, 22:36:55, True
1739158615942, DOGEUSDT, 0.25065, 2255.0, 22:36:55, True
1739158615942, DOGEUSDT, 0.25064, 221.0, 22:36:55, True
1739158615978, DOGEUSDT, 0.25065, 40.0, 22:36:55, True
1739158616007, DOGEUSDT, 0.25063, 439.0, 22:36:56, True
1739158616065, DOGEUSDT, 0.25062, 1990.0, 22:36:56, True
1739158616205, DOGEUSDT, 0.25062, 5373.0, 22:36:56, True
1739158616224, DOGEUSDT, 0.25061, 121.0, 22:36:56, True
1739158616396, DOGEUSDT, 0.2506, 477.0, 22:36:56, True
1739158616430, DOGEUSDT, 0.25061, 25761.0, 22:36:56, False
1739158616600, DOGEUSDT, 0.25062, 100.0, 22:36:56, True
1739158616711, DOGEUSDT, 0.25063, 123.0, 22:36:56, False
1739158616714, DOGEUSDT, 0.25064, 20.0, 22:36:56, False
1739158616761, DOGEUSDT, 0.25065, 60.0, 22:36:56, False
1739158616778, DOGEUSDT, 0.25066, 2494.0, 22:36:56, False
1739158616782, DOGEUSDT, 0.25067, 127.0, 22:36:56, False
1739158616786, DOGEUSDT, 0.25068, 20.0, 22:36:56, False
1739158616899, DOGEUSDT, 0.25068, 2400.0, 22:36:56, False
1739158616899, DOGEUSDT, 0.25069, 10195.0, 22:36:56, False
1739158616921, DOGEUSDT, 0.25068, 1279.0, 22:36:56, True
1739158617004, DOGEUSDT, 0.25067, 30000.0, 22:36:57, True
1739158617167, DOGEUSDT, 0.25067, 25506.0, 22:36:57, True
1739158617167, DOGEUSDT, 0.25066, 7046.0, 22:36:57, True
1739158617167, DOGEUSDT, 0.25065, 10134.0, 22:36:57, True
1739158617167, DOGEUSDT, 0.25064, 7112.0, 22:36:57, True
1739158617167, DOGEUSDT, 0.25063, 20851.0, 22:36:57, True
1739158617213, DOGEUSDT, 0.25065, 268.0, 22:36:57, True
1739158617373, DOGEUSDT, 0.25062, 3315.0, 22:36:57, True
1739158617392, DOGEUSDT, 0.25062, 9737.0, 22:36:57, False
1739158617570, DOGEUSDT, 0.25062, 31.0, 22:36:57, False
1739158617667, DOGEUSDT, 0.25061, 4264.0, 22:36:57, True
1739158617669, DOGEUSDT, 0.2506, 8124.0, 22:36:57, True
1739158617828, DOGEUSDT, 0.25059, 568.0, 22:36:57, True
1739158617828, DOGEUSDT, 0.25058, 15000.0, 22:36:57, True
1739158617903, DOGEUSDT, 0.25057, 24.0, 22:36:57, True
1739158618001, DOGEUSDT, 0.25056, 62.0, 22:36:58, True
1739158618004, DOGEUSDT, 0.25055, 799.0, 22:36:58, True
1739158618015, DOGEUSDT, 0.25054, 41.0, 22:36:58, True
1739158618016, DOGEUSDT, 0.25053, 41.0, 22:36:58, True
1739158618046, DOGEUSDT, 0.25052, 2431.0, 22:36:58, True
1739158618046, DOGEUSDT, 0.25051, 10249.0, 22:36:58, True
1739158618082, DOGEUSDT, 0.25051, 6341.0, 22:36:58, False
1739158618082, DOGEUSDT, 0.25052, 13824.0, 22:36:58, False
1739158618090, DOGEUSDT, 0.25053, 9826.0, 22:36:58, False
1739158618099, DOGEUSDT, 0.25054, 7168.0, 22:36:58, False
1739158618124, DOGEUSDT, 0.25055, 1714.0, 22:36:58, False
1739158618275, DOGEUSDT, 0.25056, 15841.0, 22:36:58, False
1739158618381, DOGEUSDT, 0.25056, 893.0, 22:36:58, True
1739158618406, DOGEUSDT, 0.25057, 4475.0, 22:36:58, False
1739158618433, DOGEUSDT, 0.25058, 41.0, 22:36:58, False
1739158618433, DOGEUSDT, 0.25059, 83.0, 22:36:58, False
1739158618589, DOGEUSDT, 0.25056, 24.0, 22:36:58, True
1739158618642, DOGEUSDT, 0.25055, 504.0, 22:36:58, True
1739158618677, DOGEUSDT, 0.25052, 18183.0, 22:36:58, True
1739158618679, DOGEUSDT, 0.25051, 41.0, 22:36:58, True
1739158618679, DOGEUSDT, 0.2505, 4422.0, 22:36:58, True
1739158618920, DOGEUSDT, 0.25049, 22647.0, 22:36:58, True
1739158618923, DOGEUSDT, 0.25048, 1284.0, 22:36:58, True
1739158618926, DOGEUSDT, 0.25047, 179.0, 22:36:58, True
1739158618969, DOGEUSDT, 0.25046, 14427.0, 22:36:58, True
1739158618975, DOGEUSDT, 0.25045, 40.0, 22:36:58, True
1739158618984, DOGEUSDT, 0.25044, 8686.0, 22:36:58, True
1739158619021, DOGEUSDT, 0.25043, 2230.0, 22:36:59, True
1739158619036, DOGEUSDT, 0.25044, 2091.0, 22:36:59, False
1739158619040, DOGEUSDT, 0.25045, 13623.0, 22:36:59, False
1739158619150, DOGEUSDT, 0.25046, 5242.0, 22:36:59, True
1739158619211, DOGEUSDT, 0.25045, 40.0, 22:36:59, True
1739158619211, DOGEUSDT, 0.25044, 42.0, 22:36:59, True
1739158619211, DOGEUSDT, 0.25043, 7189.0, 22:36:59, True
1739158619211, DOGEUSDT, 0.25042, 25502.0, 22:36:59, True
1739158619384, DOGEUSDT, 0.25041, 39420.0, 22:36:59, True
1739158619384, DOGEUSDT, 0.2504, 22798.0, 22:36:59, True
1739158619680, DOGEUSDT, 0.2504, 159.0, 22:36:59, True
1739158619697, DOGEUSDT, 0.25039, 455.0, 22:36:59, True
1739158619712, DOGEUSDT, 0.25038, 41.0, 22:36:59, True
1739158619712, DOGEUSDT, 0.25037, 2830.0, 22:36:59, True
1739158619980, DOGEUSDT, 0.25035, 1197.0, 22:36:59, True
1739158620014, DOGEUSDT, 0.25035, 7805.0, 22:37:00, False
1739158620045, DOGEUSDT, 0.25034, 39.0, 22:37:00, True
1739158620049, DOGEUSDT, 0.25033, 2531.0, 22:37:00, True
1739158620055, DOGEUSDT, 0.25032, 6704.0, 22:37:00, True
1739158620064, DOGEUSDT, 0.25031, 28387.0, 22:37:00, True
1739158620125, DOGEUSDT, 0.25031, 973.0, 22:37:00, False
1739158620145, DOGEUSDT, 0.2503, 145.0, 22:37:00, True
1739158620199, DOGEUSDT, 0.25029, 1836.0, 22:37:00, True
1739158620345, DOGEUSDT, 0.2503, 1060.0, 22:37:00, False
1739158620472, DOGEUSDT, 0.25029, 299.0, 22:37:00, True
1739158620478, DOGEUSDT, 0.25028, 14188.0, 22:37:00, True
1739158620518, DOGEUSDT, 0.25027, 399.0, 22:37:00, True
1739158620521, DOGEUSDT, 0.25026, 2754.0, 22:37:00, True
1739158620534, DOGEUSDT, 0.25025, 1469.0, 22:37:00, True
1739158620542, DOGEUSDT, 0.25024, 4103.0, 22:37:00, True
1739158620547, DOGEUSDT, 0.25025, 951.0, 22:37:00, False
1739158620564, DOGEUSDT, 0.25024, 13000.0, 22:37:00, True
1739158620589, DOGEUSDT, 0.25023, 810.0, 22:37:00, True
1739158620615, DOGEUSDT, 0.25022, 201.0, 22:37:00, True
1739158620630, DOGEUSDT, 0.25023, 933.0, 22:37:00, False
1739158620660, DOGEUSDT, 0.25022, 1024.0, 22:37:00, True
1739158620758, DOGEUSDT, 0.25023, 474.0, 22:37:00, False
1739158620787, DOGEUSDT, 0.25022, 66.0, 22:37:00, True
1739158620808, DOGEUSDT, 0.25021, 39.0, 22:37:00, True
1739158620830, DOGEUSDT, 0.25021, 355.0, 22:37:00, False
1739158620890, DOGEUSDT, 0.2502, 2356.0, 22:37:00, True
1739158620890, DOGEUSDT, 0.25019, 14882.0, 22:37:00, True
1739158620900, DOGEUSDT, 0.25018, 186.0, 22:37:00, True
1739158620920, DOGEUSDT, 0.25017, 3230.0, 22:37:00, True
1739158620920, DOGEUSDT, 0.25016, 2516.0, 22:37:00, True
1739158621004, DOGEUSDT, 0.25015, 3508.0, 22:37:01, True
1739158621004, DOGEUSDT, 0.25014, 1080.0, 22:37:01, True
1739158621004, DOGEUSDT, 0.25013, 14354.0, 22:37:01, True
1739158621045, DOGEUSDT, 0.25017, 467.0, 22:37:01, False
1739158621094, DOGEUSDT, 0.25016, 628.0, 22:37:01, False
1739158621094, DOGEUSDT, 0.25017, 5980.0, 22:37:01, False
1739158621094, DOGEUSDT, 0.25015, 100.0, 22:37:01, True
1739158621097, DOGEUSDT, 0.25017, 160.0, 22:37:01, False
1739158621133, DOGEUSDT, 0.25017, 788.0, 22:37:01, True
1739158621137, DOGEUSDT, 0.25018, 2463.0, 22:37:01, False
1739158621173, DOGEUSDT, 0.25017, 523.0, 22:37:01, True
1739158621183, DOGEUSDT, 0.25019, 83.0, 22:37:01, False
1739158621183, DOGEUSDT, 0.2502, 28.0, 22:37:01, False
1739158621232, DOGEUSDT, 0.25019, 205.0, 22:37:01, True
1739158621251, DOGEUSDT, 0.2502, 81.0, 22:37:01, False
1739158621251, DOGEUSDT, 0.25021, 126.0, 22:37:01, False
1739158621292, DOGEUSDT, 0.2502, 149.0, 22:37:01, True
1739158621302, DOGEUSDT, 0.25021, 41.0, 22:37:01, False
1739158621309, DOGEUSDT, 0.25022, 127.0, 22:37:01, False
1739158621309, DOGEUSDT, 0.25023, 2110.0, 22:37:01, False
1739158621309, DOGEUSDT, 0.25024, 85.0, 22:37:01, False
1739158621316, DOGEUSDT, 0.25024, 81.0, 22:37:01, True
1739158621340, DOGEUSDT, 0.25025, 67.0, 22:37:01, False
1739158621379, DOGEUSDT, 0.25024, 1281.0, 22:37:01, True
1739158621424, DOGEUSDT, 0.25025, 57507.0, 22:37:01, False
1739158621483, DOGEUSDT, 0.25026, 41.0, 22:37:01, False
1739158621501, DOGEUSDT, 0.25027, 185.0, 22:37:01, False
1739158621523, DOGEUSDT, 0.25027, 1790.0, 22:37:01, True
1739158621555, DOGEUSDT, 0.25028, 480.0, 22:37:01, False
1739158621569, DOGEUSDT, 0.25029, 82.0, 22:37:01, False
1739158621599, DOGEUSDT, 0.25029, 8144.0, 22:37:01, True
1739158621646, DOGEUSDT, 0.25027, 16763.0, 22:37:01, True
1739158621669, DOGEUSDT, 0.25028, 289.0, 22:37:01, False
1739158621912, DOGEUSDT, 0.25027, 2333.0, 22:37:01, True
1739158622060, DOGEUSDT, 0.25027, 15258.0, 22:37:02, True
1739158622098, DOGEUSDT, 0.25025, 40.0, 22:37:02, True
1739158622100, DOGEUSDT, 0.25024, 779.0, 22:37:02, True
1739158622104, DOGEUSDT, 0.25023, 449.0, 22:37:02, True
1739158622147, DOGEUSDT, 0.25022, 2010.0, 22:37:02, True
1739158622147, DOGEUSDT, 0.25021, 83.0, 22:37:02, True
1739158622147, DOGEUSDT, 0.2502, 5907.0, 22:37:02, True
1739158622159, DOGEUSDT, 0.25021, 24.0, 22:37:02, False
1739158622163, DOGEUSDT, 0.2502, 7967.0, 22:37:02, True
1739158622272, DOGEUSDT, 0.25019, 5883.0, 22:37:02, True
1739158622452, DOGEUSDT, 0.2502, 10766.0, 22:37:02, False
1739158622453, DOGEUSDT, 0.25021, 251.0, 22:37:02, False
1739158622454, DOGEUSDT, 0.25022, 4235.0, 22:37:02, False
1739158622458, DOGEUSDT, 0.25023, 82.0, 22:37:02, False
1739158622522, DOGEUSDT, 0.25024, 3041.0, 22:37:02, False
1739158622527, DOGEUSDT, 0.25025, 101.0, 22:37:02, False
1739158622531, DOGEUSDT, 0.25026, 82.0, 22:37:02, False
1739158622563, DOGEUSDT, 0.25027, 20.0, 22:37:02, False
1739158622686, DOGEUSDT, 0.25026, 24568.0, 22:37:02, True
1739158622728, DOGEUSDT, 0.25027, 5664.0, 22:37:02, False
1739158622826, DOGEUSDT, 0.25027, 3128.0, 22:37:02, True
1739158622938, DOGEUSDT, 0.25027, 4117.0, 22:37:02, True
1739158622942, DOGEUSDT, 0.25026, 44.0, 22:37:02, True
1739158622948, DOGEUSDT, 0.25025, 40.0, 22:37:02, True
1739158622958, DOGEUSDT, 0.25024, 2894.0, 22:37:02, True
1739158622969, DOGEUSDT, 0.25023, 4632.0, 22:37:02, True
1739158623078, DOGEUSDT, 0.25022, 121.0, 22:37:03, True
1739158623082, DOGEUSDT, 0.25021, 231.0, 22:37:03, True
1739158623095, DOGEUSDT, 0.2502, 81.0, 22:37:03, True
1739158623100, DOGEUSDT, 0.25019, 24832.0, 22:37:03, True
1739158623125, DOGEUSDT, 0.25018, 41.0, 22:37:03, True
1739158623127, DOGEUSDT, 0.25017, 61.0, 22:37:03, True
1739158623127, DOGEUSDT, 0.25016, 227.0, 22:37:03, True
1739158623215, DOGEUSDT, 0.25015, 12194.0, 22:37:03, True
1739158623347, DOGEUSDT, 0.25014, 5840.0, 22:37:03, True
1739158623732, DOGEUSDT, 0.25014, 29062.0, 22:37:03, True
1739158623921, DOGEUSDT, 0.25015, 23665.0, 22:37:03, False
1739158623927, DOGEUSDT, 0.25016, 8093.0, 22:37:03, False
1739158623944, DOGEUSDT, 0.25016, 40.0, 22:37:03, True
1739158623992, DOGEUSDT, 0.25018, 41.0, 22:37:03, False
1739158624043, DOGEUSDT, 0.25018, 66.0, 22:37:04, True
1739158624064, DOGEUSDT,851987164,0.25014,111932.0,1739158624059,True
1739158624059, DOGEUSDT, 0.25015, 26722.0, 22:37:04, True
1739158624059, DOGEUSDT, 0.25014, 111932.0, 22:37:04, True
1739158624064, DOGEUSDT,851987169,0.25009,73881.0,1739158624059,True
1739158624059, DOGEUSDT, 0.25013, 149.0, 22:37:04, True
1739158624064, DOGEUSDT,851987170,0.25008,106941.0,1739158624060,True
1739158624059, DOGEUSDT, 0.25012, 6851.0, 22:37:04, True
1739158624059, DOGEUSDT, 0.25011, 1910.0, 22:37:04, True
1739158624059, DOGEUSDT, 0.2501, 31341.0, 22:37:04, True
1739158624059, DOGEUSDT, 0.25009, 73881.0, 22:37:04, True
1739158624060, DOGEUSDT, 0.25008, 106941.0, 22:37:04, True
1739158624060, DOGEUSDT, 0.25007, 204011.0, 22:37:04, True
1739158624066, DOGEUSDT,851987171,0.25007,204011.0,1739158624060,True
1739158624060, DOGEUSDT, 0.25006, 166009.0, 22:37:04, True
1739158624066, DOGEUSDT,851987172,0.25006,166009.0,1739158624060,True
1739158624060, DOGEUSDT, 0.25005, 168599.0, 22:37:04, True
1739158624073, DOGEUSDT,851987173,0.25005,168599.0,1739158624060,True
1739158624068, DOGEUSDT, 0.25008, 8829.0, 22:37:04, True
1739158624159, DOGEUSDT, 0.25009, 5250.0, 22:37:04, False
1739158624236, DOGEUSDT, 0.25008, 11008.0, 22:37:04, False
1739158624382, DOGEUSDT, 0.25009, 1107.0, 22:37:04, False
1739158624389, DOGEUSDT, 0.2501, 80.0, 22:37:04, False
1739158624391, DOGEUSDT, 0.2501, 100.0, 22:37:04, True
1739158624417, DOGEUSDT, 0.25011, 41.0, 22:37:04, False
1739158624417, DOGEUSDT, 0.25012, 1315.0, 22:37:04, False
1739158624456, DOGEUSDT, 0.25013, 61.0, 22:37:04, False
1739158624456, DOGEUSDT, 0.25014, 26580.0, 22:37:04, False
1739158624516, DOGEUSDT, 0.25015, 121.0, 22:37:04, False
1739158624521, DOGEUSDT, 0.25016, 83.0, 22:37:04, False
1739158624521, DOGEUSDT, 0.25017, 1082.0, 22:37:04, False
1739158624521, DOGEUSDT, 0.25018, 2833.0, 22:37:04, False
1739158624527, DOGEUSDT, 0.25016, 3951.0, 22:37:04, True
1739158624541, DOGEUSDT, 0.25018, 1081.0, 22:37:04, False
1739158624550, DOGEUSDT, 0.25019, 2167.0, 22:37:04, False
1739158624577, DOGEUSDT, 0.2502, 7114.0, 22:37:04, False
1739158624621, DOGEUSDT, 0.25021, 41.0, 22:37:04, False
1739158624759, DOGEUSDT, 0.25021, 2035.0, 22:37:04, True
1739158624791, DOGEUSDT, 0.2502, 40.0, 22:37:04, True
1739158624800, DOGEUSDT, 0.2502, 10667.0, 22:37:04, False
1739158624800, DOGEUSDT, 0.25021, 59680.0, 22:37:04, False
1739158624801, DOGEUSDT, 0.25022, 12193.0, 22:37:04, False
1739158624801, DOGEUSDT, 0.25023, 14847.0, 22:37:04, False
1739158624802, DOGEUSDT, 0.25024, 10071.0, 22:37:04, False
1739158624803, DOGEUSDT, 0.25025, 8939.0, 22:37:04, False
1739158624806, DOGEUSDT, 0.25026, 11442.0, 22:37:04, False
1739158624806, DOGEUSDT, 0.25027, 39314.0, 22:37:04, False
1739158624823, DOGEUSDT,851987203,0.25028,62455.0,1739158624806,False
1739158624806, DOGEUSDT, 0.25028, 62455.0, 22:37:04, False
1739158624810, DOGEUSDT, 0.25029, 27588.0, 22:37:04, False
1739158624811, DOGEUSDT, 0.25027, 999.0, 22:37:04, False
1739158624811, DOGEUSDT, 0.25029, 40752.0, 22:37:04, False
1739158624811, DOGEUSDT, 0.25025, 1998.0, 22:37:04, False
1739158624811, DOGEUSDT, 0.25026, 1998.0, 22:37:04, False
1739158624811, DOGEUSDT, 0.25029, 37755.0, 22:37:04, False
1739158624818, DOGEUSDT, 0.25025, 1998.0, 22:37:04, False
1739158624818, DOGEUSDT, 0.25026, 1998.0, 22:37:04, False
1739158624818, DOGEUSDT, 0.25028, 3996.0, 22:37:04, False
1739158624818, DOGEUSDT, 0.25029, 15629.0, 22:37:04, False
1739158624838, DOGEUSDT,851987214,0.2503,121134.0,1739158624818,False
1739158624818, DOGEUSDT, 0.2503, 121134.0, 22:37:04, False
1739158624820, DOGEUSDT, 0.25031, 28431.0, 22:37:04, False
1739158624822, DOGEUSDT, 0.25023, 1998.0, 22:37:04, False
1739158624822, DOGEUSDT, 0.25031, 110648.0, 22:37:04, False
1739158624847, DOGEUSDT,851987217,0.25031,110648.0,1739158624822,False
1739158624826, DOGEUSDT, 0.25032, 48009.0, 22:37:04, False
1739158624827, DOGEUSDT, 0.25024, 41.0, 22:37:04, False
1739158624829, DOGEUSDT, 0.25023, 41.0, 22:37:04, False
1739158624829, DOGEUSDT, 0.25032, 27038.0, 22:37:04, False
1739158624829, DOGEUSDT, 0.2503, 393.0, 22:37:04, False
1739158624829, DOGEUSDT, 0.25032, 4037.0, 22:37:04, False
1739158624840, DOGEUSDT, 0.25033, 22786.0, 22:37:04, False
1739158624851, DOGEUSDT, 0.25028, 3995.0, 22:37:04, False
1739158624851, DOGEUSDT, 0.25033, 5159.0, 22:37:04, False
1739158624855, DOGEUSDT, 0.25027, 999.0, 22:37:04, False
1739158624855, DOGEUSDT, 0.25033, 14924.0, 22:37:04, False
1739158624862, DOGEUSDT, 0.25032, 7992.0, 22:37:04, False
1739158624862, DOGEUSDT, 0.25033, 2360.0, 22:37:04, False
1739158624877, DOGEUSDT, 0.25031, 2997.0, 22:37:04, False
1739158624877, DOGEUSDT, 0.25032, 999.0, 22:37:04, False
1739158624877, DOGEUSDT, 0.25033, 10714.0, 22:37:04, False
1739158624921, DOGEUSDT, 0.25032, 6391.0, 22:37:04, False
1739158624924, DOGEUSDT, 0.25033, 3682.0, 22:37:04, False
1739158625011, DOGEUSDT, 0.25032, 10368.0, 22:37:05, False
1739158625011, DOGEUSDT, 0.25033, 7997.0, 22:37:05, False
1739158625121, DOGEUSDT, 0.25035, 7517.0, 22:37:05, False
1739158625124, DOGEUSDT, 0.25036, 39.0, 22:37:05, False
1739158625251, DOGEUSDT, 0.25037, 41.0, 22:37:05, False
1739158625287, DOGEUSDT, 0.25038, 62.0, 22:37:05, False
1739158625287, DOGEUSDT, 0.25039, 108.0, 22:37:05, False
1739158625408, DOGEUSDT, 0.2504, 236.0, 22:37:05, False
1739158625498, DOGEUSDT, 0.25041, 2149.0, 22:37:05, False
1739158625526, DOGEUSDT, 0.25041, 1451.0, 22:37:05, True
1739158625530, DOGEUSDT, 0.25042, 41.0, 22:37:05, False
1739158625546, DOGEUSDT, 0.25043, 42.0, 22:37:05, False
1739158625574, DOGEUSDT, 0.25044, 763.0, 22:37:05, False
1739158625574, DOGEUSDT, 0.25045, 695.0, 22:37:05, False
1739158625608, DOGEUSDT, 0.25046, 768.0, 22:37:05, False
1739158625730, DOGEUSDT, 0.25047, 181.0, 22:37:05, False
1739158625785, DOGEUSDT, 0.25048, 749.0, 22:37:05, False
1739158625785, DOGEUSDT, 0.25049, 2105.0, 22:37:05, False
1739158625813, DOGEUSDT, 0.2505, 1040.0, 22:37:05, False
1739158625817, DOGEUSDT, 0.25051, 10841.0, 22:37:05, False
1739158625946, DOGEUSDT, 0.25053, 64.0, 22:37:05, False
1739158626047, DOGEUSDT, 0.25053, 4619.0, 22:37:06, False
1739158626135, DOGEUSDT, 0.25054, 34385.0, 22:37:06, True
1739158626135, DOGEUSDT, 0.25053, 16961.0, 22:37:06, True
1739158626135, DOGEUSDT, 0.25052, 18766.0, 22:37:06, True
1739158626136, DOGEUSDT, 0.25053, 3791.0, 22:37:06, True
1739158626170, DOGEUSDT, 0.25052, 2344.0, 22:37:06, False
1739158626179, DOGEUSDT, 0.25051, 1990.0, 22:37:06, True
1739158626388, DOGEUSDT, 0.25051, 66.0, 22:37:06, False
1739158626388, DOGEUSDT, 0.25052, 614.0, 22:37:06, False
1739158626446, DOGEUSDT, 0.25053, 398.0, 22:37:06, False
1739158626449, DOGEUSDT, 0.25054, 795.0, 22:37:06, False
1739158626455, DOGEUSDT, 0.25055, 18779.0, 22:37:06, False
1739158626458, DOGEUSDT, 0.25056, 12037.0, 22:37:06, False
1739158626460, DOGEUSDT, 0.25055, 114.0, 22:37:06, True
1739158626497, DOGEUSDT, 0.25057, 315.0, 22:37:06, False
1739158626567, DOGEUSDT, 0.25058, 1439.0, 22:37:06, False
1739158626571, DOGEUSDT, 0.25059, 489.0, 22:37:06, False
1739158626577, DOGEUSDT, 0.2506, 5016.0, 22:37:06, False
1739158626646, DOGEUSDT, 0.25061, 479.0, 22:37:06, False
1739158626648, DOGEUSDT, 0.25062, 15082.0, 22:37:06, False
1739158626680, DOGEUSDT, 0.25063, 10181.0, 22:37:06, False
1739158626859, DOGEUSDT, 0.25064, 19767.0, 22:37:06, False
1739158626907, DOGEUSDT, 0.25065, 1052.0, 22:37:06, False
1739158626955, DOGEUSDT, 0.25066, 400.0, 22:37:06, False
1739158626969, DOGEUSDT, 0.25067, 41.0, 22:37:06, False
1739158626980, DOGEUSDT, 0.25068, 763.0, 22:37:06, False
1739158626999, DOGEUSDT, 0.25069, 255.0, 22:37:06, False
1739158626999, DOGEUSDT, 0.2507, 3301.0, 22:37:06, False
1739158627092, DOGEUSDT, 0.25069, 6941.0, 22:37:07, True
1739158627252, DOGEUSDT, 0.25069, 4449.0, 22:37:07, False
1739158627255, DOGEUSDT, 0.2507, 1438.0, 22:37:07, False
1739158627255, DOGEUSDT, 0.25071, 288.0, 22:37:07, False
1739158627375, DOGEUSDT, 0.25072, 38510.0, 22:37:07, False
1739158627443, DOGEUSDT, 0.25073, 39990.0, 22:37:07, False
1739158627499, DOGEUSDT, 0.25074, 4320.0, 22:37:07, False
1739158627515, DOGEUSDT, 0.25074, 47752.0, 22:37:07, True
1739158627566, DOGEUSDT, 0.25073, 9413.0, 22:37:07, True
1739158627606, DOGEUSDT, 0.25074, 35110.0, 22:37:07, False
1739158627606, DOGEUSDT, 0.25075, 5198.0, 22:37:07, False
1739158627941, DOGEUSDT, 0.25076, 685.0, 22:37:07, False
1739158628136, DOGEUSDT, 0.25075, 73147.0, 22:37:08, True
1739158628291, DOGEUSDT,851987297,0.25075,73147.0,1739158628136,True
1739158628471, DOGEUSDT, 0.25076, 12209.0, 22:37:08, False
1739158628479, DOGEUSDT, 0.25077, 3327.0, 22:37:08, False
1739158628495, DOGEUSDT, 0.25078, 6072.0, 22:37:08, False
1739158628509, DOGEUSDT, 0.25079, 8118.0, 22:37:08, False
1739158628529, DOGEUSDT, 0.2508, 22856.0, 22:37:08, False
1739158628651, DOGEUSDT, 0.2508, 28126.0, 22:37:08, False
1739158628932, DOGEUSDT, 0.2508, 2312.0, 22:37:08, False
1739158628968, DOGEUSDT, 0.25079, 24470.0, 22:37:08, True
1739158628971, DOGEUSDT, 0.25078, 1613.0, 22:37:08, True
1739158628975, DOGEUSDT, 0.25077, 1300.0, 22:37:08, True
1739158628976, DOGEUSDT, 0.25076, 20597.0, 22:37:08, True
1739158628976, DOGEUSDT, 0.25075, 10424.0, 22:37:08, True
1739158629152, DOGEUSDT, 0.25075, 103487.0, 22:37:09, True
1739158629163, DOGEUSDT,851987310,0.25075,103487.0,1739158629152,True
1739158629159, DOGEUSDT, 0.25074, 41.0, 22:37:09, True
1739158629200, DOGEUSDT, 0.25073, 80.0, 22:37:09, True
1739158629319, DOGEUSDT, 0.25073, 797.0, 22:37:09, False
1739158629526, DOGEUSDT, 0.25073, 20.0, 22:37:09, False
1739158629698, DOGEUSDT, 0.25074, 8954.0, 22:37:09, False
1739158629705, DOGEUSDT, 0.25075, 4301.0, 22:37:09, False
1739158629708, DOGEUSDT, 0.25076, 4683.0, 22:37:09, False
1739158629710, DOGEUSDT, 0.25077, 3162.0, 22:37:09, False
1739158629736, DOGEUSDT, 0.25078, 189.0, 22:37:09, False
1739158629768, DOGEUSDT, 0.25079, 39.0, 22:37:09, False
1739158629789, DOGEUSDT, 0.2508, 208.0, 22:37:09, False
1739158629832, DOGEUSDT, 0.2508, 1590.0, 22:37:09, True
1739158629851, DOGEUSDT, 0.25081, 3281.0, 22:37:09, False
1739158629877, DOGEUSDT, 0.25082, 999.0, 22:37:09, False
1739158629944, DOGEUSDT, 0.25082, 188.0, 22:37:09, True
1739158629952, DOGEUSDT, 0.25083, 22294.0, 22:37:09, False
1739158630037, DOGEUSDT, 0.25082, 26641.0, 22:37:10, True
1739158630156, DOGEUSDT, 0.25082, 2020.0, 22:37:10, True
1739158630301, DOGEUSDT, 0.25083, 35375.0, 22:37:10, False
1739158630317, DOGEUSDT, 0.25084, 219.0, 22:37:10, False
1739158630340, DOGEUSDT, 0.25084, 1196.0, 22:37:10, True
1739158630379, DOGEUSDT, 0.25085, 6321.0, 22:37:10, False
1739158630403, DOGEUSDT, 0.25086, 894.0, 22:37:10, False
1739158630436, DOGEUSDT, 0.25086, 85.0, 22:37:10, True
1739158630770, DOGEUSDT, 0.25086, 6943.0, 22:37:10, True
1739158630770, DOGEUSDT, 0.25085, 379358.0, 22:37:10, True
1739158630777, DOGEUSDT,851987336,0.25085,379358.0,1739158630770,True
1739158630770, DOGEUSDT, 0.25084, 15717.0, 22:37:10, True
1739158630770, DOGEUSDT, 0.25083, 174.0, 22:37:10, True
1739158630770, DOGEUSDT, 0.25082, 33744.0, 22:37:10, True
1739158630770, DOGEUSDT, 0.25081, 6759.0, 22:37:10, True
1739158630770, DOGEUSDT, 0.2508, 121.0, 22:37:10, True
1739158630771, DOGEUSDT, 0.25079, 5541.0, 22:37:10, True
1739158630771, DOGEUSDT, 0.25078, 82.0, 22:37:10, True
1739158630783, DOGEUSDT, 0.25077, 3190.0, 22:37:10, True
1739158630816, DOGEUSDT, 0.25075, 26648.0, 22:37:10, True
1739158630937, DOGEUSDT, 0.25075, 8992.0, 22:37:10, True
1739158631036, DOGEUSDT, 0.25074, 20.0, 22:37:11, True
1739158631037, DOGEUSDT, 0.25073, 939.0, 22:37:11, True
1739158631075, DOGEUSDT, 0.25072, 4713.0, 22:37:11, True
1739158631194, DOGEUSDT, 0.25071, 8404.0, 22:37:11, True
1739158631311, DOGEUSDT, 0.25072, 2022.0, 22:37:11, False
1739158631425, DOGEUSDT, 0.25073, 521.0, 22:37:11, False
1739158631510, DOGEUSDT, 0.25072, 3609.0, 22:37:11, True
1739158631573, DOGEUSDT, 0.25071, 830.0, 22:37:11, True
1739158631640, DOGEUSDT, 0.25072, 32310.0, 22:37:11, False
1739158631642, DOGEUSDT, 0.25071, 8703.0, 22:37:11, True
1739158631770, DOGEUSDT, 0.2507, 967.0, 22:37:11, True
1739158631793, DOGEUSDT, 0.25069, 41.0, 22:37:11, True
1739158631851, DOGEUSDT, 0.25068, 41.0, 22:37:11, True
1739158631880, DOGEUSDT, 0.25067, 41.0, 22:37:11, True
1739158631885, DOGEUSDT, 0.25066, 41.0, 22:37:11, True
1739158631903, DOGEUSDT, 0.25065, 5002.0, 22:37:11, True
1739158631921, DOGEUSDT, 0.25064, 17468.0, 22:37:11, True
1739158632154, DOGEUSDT, 0.25064, 11885.0, 22:37:12, True
1739158632158, DOGEUSDT, 0.25063, 439.0, 22:37:12, True
1739158632358, DOGEUSDT, 0.25062, 18272.0, 22:37:12, True
1739158632361, DOGEUSDT, 0.25061, 66.0, 22:37:12, True
1739158632370, DOGEUSDT, 0.2506, 18864.0, 22:37:12, True
1739158632386, DOGEUSDT, 0.25059, 15321.0, 22:37:12, True
1739158632407, DOGEUSDT, 0.25059, 75129.0, 22:37:12, False
1739158632441, DOGEUSDT,851987370,0.25059,75129.0,1739158632407,False
1739158632437, DOGEUSDT, 0.25059, 1720.0, 22:37:12, True
1739158632511, DOGEUSDT, 0.2506, 7244.0, 22:37:12, False
1739158632514, DOGEUSDT, 0.25062, 2330.0, 22:37:12, False
1739158632519, DOGEUSDT, 0.25063, 860.0, 22:37:12, False
1739158632636, DOGEUSDT, 0.25063, 1199.0, 22:37:12, True
1739158632672, DOGEUSDT, 0.25064, 32617.0, 22:37:12, False
1739158632783, DOGEUSDT, 0.25063, 30872.0, 22:37:12, True
1739158632783, DOGEUSDT, 0.25062, 1451.0, 22:37:12, True
1739158632971, DOGEUSDT, 0.25061, 541.0, 22:37:12, True
1739158633253, DOGEUSDT, 0.2506, 399.0, 22:37:13, True
1739158633362, DOGEUSDT, 0.2506, 1864.0, 22:37:13, True
1739158633365, DOGEUSDT, 0.25059, 73.0, 22:37:13, True
1739158633367, DOGEUSDT, 0.25058, 107.0, 22:37:13, True
1739158633406, DOGEUSDT, 0.25057, 41.0, 22:37:13, True
1739158633428, DOGEUSDT, 0.25057, 3416.0, 22:37:13, False
1739158633450, DOGEUSDT, 0.25056, 4369.0, 22:37:13, True
1739158633480, DOGEUSDT, 0.25055, 161.0, 22:37:13, True
1739158633498, DOGEUSDT, 0.25054, 336.0, 22:37:13, True
1739158633699, DOGEUSDT, 0.25053, 41.0, 22:37:13, True
1739158633713, DOGEUSDT, 0.25052, 41.0, 22:37:13, True
1739158633714, DOGEUSDT, 0.25051, 4264.0, 22:37:13, True
1739158633777, DOGEUSDT, 0.25051, 6486.0, 22:37:13, False
1739158633785, DOGEUSDT, 0.25053, 650.0, 22:37:13, False
1739158633815, DOGEUSDT, 0.25052, 174.0, 22:37:13, True
1739158633932, DOGEUSDT, 0.2505, 1037.0, 22:37:13, True
1739158633932, DOGEUSDT, 0.25049, 514.0, 22:37:13, True
1739158633932, DOGEUSDT, 0.25048, 7140.0, 22:37:13, True
1739158633932, DOGEUSDT, 0.25047, 69.0, 22:37:13, True
1739158633949, DOGEUSDT, 0.25048, 14224.0, 22:37:13, False
1739158634113, DOGEUSDT, 0.25047, 151.0, 22:37:14, True
1739158634142, DOGEUSDT, 0.25047, 17912.0, 22:37:14, False
1739158634149, DOGEUSDT, 0.25048, 7867.0, 22:37:14, False
1739158634157, DOGEUSDT, 0.25049, 1996.0, 22:37:14, False
1739158634161, DOGEUSDT, 0.2505, 81.0, 22:37:14, False
1739158634161, DOGEUSDT, 0.25051, 4076.0, 22:37:14, False
1739158634217, DOGEUSDT, 0.25052, 183.0, 22:37:14, False
1739158634238, DOGEUSDT, 0.25053, 41.0, 22:37:14, False
1739158634239, DOGEUSDT, 0.25054, 18622.0, 22:37:14, False
1739158634252, DOGEUSDT, 0.25055, 2096.0, 22:37:14, False
1739158634265, DOGEUSDT, 0.25056, 1104.0, 22:37:14, False
1739158634265, DOGEUSDT, 0.25057, 104.0, 22:37:14, False
1739158634265, DOGEUSDT, 0.25058, 2346.0, 22:37:14, False
1739158634265, DOGEUSDT, 0.25059, 436.0, 22:37:14, False
1739158634386, DOGEUSDT, 0.25059, 23615.0, 22:37:14, True
1739158634397, DOGEUSDT, 0.25057, 1301.0, 22:37:14, True
1739158634459, DOGEUSDT, 0.25056, 41.0, 22:37:14, True
1739158634462, DOGEUSDT, 0.25055, 81.0, 22:37:14, True
1739158634472, DOGEUSDT, 0.25054, 1368.0, 22:37:14, True
1739158634482, DOGEUSDT, 0.25053, 41.0, 22:37:14, True
1739158634771, DOGEUSDT, 0.25052, 83.0, 22:37:14, True
1739158634773, DOGEUSDT, 0.25051, 41.0, 22:37:14, True
1739158634787, DOGEUSDT, 0.2505, 81.0, 22:37:14, True
1739158634789, DOGEUSDT, 0.25049, 41.0, 22:37:14, True
1739158634800, DOGEUSDT, 0.25048, 74.0, 22:37:14, True
1739158634803, DOGEUSDT, 0.25047, 8764.0, 22:37:14, True
1739158634806, DOGEUSDT, 0.25046, 16224.0, 22:37:14, True
1739158634813, DOGEUSDT, 0.25045, 81.0, 22:37:14, True
1739158634978, DOGEUSDT, 0.25044, 7806.0, 22:37:14, True
1739158635009, DOGEUSDT, 0.25043, 2058.0, 22:37:15, True
1739158635042, DOGEUSDT, 0.25042, 1237.0, 22:37:15, True
1739158635042, DOGEUSDT, 0.25041, 26778.0, 22:37:15, True
1739158635085, DOGEUSDT, 0.2504, 1577.0, 22:37:15, True
1739158635308, DOGEUSDT, 0.2504, 48.0, 22:37:15, False
1739158635446, DOGEUSDT, 0.25039, 75.0, 22:37:15, True
1739158635467, DOGEUSDT, 0.2504, 18254.0, 22:37:15, False
1739158635469, DOGEUSDT, 0.25041, 5456.0, 22:37:15, False
1739158635469, DOGEUSDT, 0.25042, 362.0, 22:37:15, False
1739158635473, DOGEUSDT, 0.25043, 8393.0, 22:37:15, False
1739158635479, DOGEUSDT, 0.25044, 6135.0, 22:37:15, False
1739158635528, DOGEUSDT, 0.25045, 81.0, 22:37:15, False
1739158635540, DOGEUSDT, 0.25046, 41.0, 22:37:15, False
1739158635540, DOGEUSDT, 0.25047, 4683.0, 22:37:15, False
1739158635543, DOGEUSDT, 0.25048, 126.0, 22:37:15, False
1739158635546, DOGEUSDT, 0.25049, 1145.0, 22:37:15, False
1739158635594, DOGEUSDT, 0.2505, 114.0, 22:37:15, False
1739158635611, DOGEUSDT, 0.25051, 2037.0, 22:37:15, False
1739158635612, DOGEUSDT, 0.25052, 2123.0, 22:37:15, False
1739158635615, DOGEUSDT, 0.25053, 13255.0, 22:37:15, False
1739158635619, DOGEUSDT, 0.25054, 38367.0, 22:37:15, False
1739158635636, DOGEUSDT, 0.25055, 6711.0, 22:37:15, False
1739158635674, DOGEUSDT, 0.25054, 17496.0, 22:37:15, True
1739158635721, DOGEUSDT, 0.25055, 8500.0, 22:37:15, True
1739158635851, DOGEUSDT, 0.25055, 6257.0, 22:37:15, True
1739158635862, DOGEUSDT, 0.25054, 4123.0, 22:37:15, True
1739158635886, DOGEUSDT, 0.25052, 43.0, 22:37:15, False
1739158635960, DOGEUSDT, 0.2505, 8088.0, 22:37:15, True
1739158635961, DOGEUSDT, 0.25049, 7481.0, 22:37:15, True
1739158635964, DOGEUSDT, 0.25048, 62.0, 22:37:15, True
1739158636054, DOGEUSDT, 0.25047, 121.0, 22:37:16, True
1739158636077, DOGEUSDT, 0.25046, 41.0, 22:37:16, True
1739158636112, DOGEUSDT, 0.25045, 81.0, 22:37:16, True
1739158636150, DOGEUSDT, 0.25044, 911.0, 22:37:16, True
1739158636150, DOGEUSDT, 0.25043, 83.0, 22:37:16, True
1739158636150, DOGEUSDT, 0.25042, 83.0, 22:37:16, True
1739158636150, DOGEUSDT, 0.25041, 920.0, 22:37:16, True
1739158636271, DOGEUSDT, 0.2504, 613.0, 22:37:16, True
1739158636313, DOGEUSDT, 0.25041, 3992.0, 22:37:16, False
1739158636553, DOGEUSDT, 0.25042, 171.0, 22:37:16, True
1739158636557, DOGEUSDT, 0.2504, 106.0, 22:37:16, True
1739158636648, DOGEUSDT, 0.25039, 15747.0, 22:37:16, True
1739158636673, DOGEUSDT, 0.25038, 1994.0, 22:37:16, True
1739158636673, DOGEUSDT, 0.25037, 140.0, 22:37:16, True
1739158636673, DOGEUSDT, 0.25036, 23630.0, 22:37:16, True
1739158636677, DOGEUSDT, 0.25035, 22309.0, 22:37:16, True
1739158636762, DOGEUSDT, 0.25034, 80.0, 22:37:16, True
1739158636762, DOGEUSDT, 0.25033, 2965.0, 22:37:16, True
1739158636775, DOGEUSDT, 0.25032, 2065.0, 22:37:16, True
1739158636883, DOGEUSDT, 0.25032, 641.0, 22:37:16, True
1739158636903, DOGEUSDT, 0.25031, 1551.0, 22:37:16, True
1739158636915, DOGEUSDT, 0.2503, 125.0, 22:37:16, True
1739158636959, DOGEUSDT, 0.25029, 13033.0, 22:37:16, True
1739158636979, DOGEUSDT, 0.25028, 8087.0, 22:37:16, True
1739158637040, DOGEUSDT, 0.25027, 41.0, 22:37:17, True
1739158637041, DOGEUSDT, 0.25026, 5575.0, 22:37:17, True
1739158637041, DOGEUSDT, 0.25025, 3925.0, 22:37:17, True
1739158637165, DOGEUSDT, 0.25026, 107.0, 22:37:17, False
1739158637169, DOGEUSDT, 0.25025, 1642.0, 22:37:17, True
1739158637254, DOGEUSDT, 0.25026, 27853.0, 22:37:17, False
1739158637272, DOGEUSDT, 0.25027, 6659.0, 22:37:17, False
1739158637272, DOGEUSDT, 0.25028, 20.0, 22:37:17, False
1739158637274, DOGEUSDT, 0.25029, 61.0, 22:37:17, False
1739158637366, DOGEUSDT, 0.25029, 23.0, 22:37:17, True
1739158637571, DOGEUSDT, 0.25027, 757.0, 22:37:17, True
1739158637734, DOGEUSDT, 0.25027, 1246.0, 22:37:17, True
1739158637807, DOGEUSDT, 0.25025, 6724.0, 22:37:17, True
1739158637808, DOGEUSDT, 0.25024, 17002.0, 22:37:17, True
1739158637809, DOGEUSDT, 0.25023, 851.0, 22:37:17, True
1739158637822, DOGEUSDT, 0.25022, 17397.0, 22:37:17, True
