Event Time, Symbol, Aggregate Trade ID, Price, Quantity, First Trade ID, Trade Time, Is Buyer Maker
1739158327874, ETHUSDT,2033883196,2631.39,8.163,1739158327811,True
1739158328059, ETHUSDT,2033883202,2631.39,10.567,1739158328018,True
1739158328135, ETHUSDT,2033883209,2631.26,13.358,1739158328130,True
1739158328139, ETHUSDT,2033883215,2631.14,10.671,1739158328130,True
1739158328560, ETHUSDT,2033883225,2631.06,11.4,1739158328522,False
1739158328640, ETHUSDT,2033883228,2631.05,6.159,1739158328587,True
1739158329001, ETHUSDT,2033883258,2630.58,7.624,1739158328995,True
1739158329002, ETHUSDT,2033883259,2630.57,7.18,1739158328998,True
1739158329028, ETHUSDT,2033883269,2630.4,7.247,1739158329024,True
1739158329028, ETHUSDT,2033883278,2630.28,73.565,1739158329024,True
1739158329186, ETHUSDT,2033883291,2630.16,7.604,1739158329182,True
1739158329267, ETHUSDT,2033883297,2630.0,6.329,1739158329193,True
1739158329422, ETHUSDT,2033883311,2629.78,28.747,1739158329419,False
1739158329433, ETHUSDT,2033883314,2629.84,11.337,1739158329419,False
1739158329706, ETHUSDT,2033883319,2629.9,10.458,1739158329699,False
1739158329894, ETHUSDT,2033883327,2629.99,21.353,1739158329755,True
1739158329977, ETHUSDT,2033883346,2629.77,12.34,1739158329922,True
1739158330432, ETHUSDT,2033883400,2629.0,6.879,1739158330426,True
1739158330439, ETHUSDT,2033883412,2628.86,6.673,1739158330433,True
1739158330466, ETHUSDT,2033883426,2628.64,18.816,1739158330461,True
1739158330643, ETHUSDT,2033883446,2628.4,60.604,1739158330609,True
1739158330819, ETHUSDT,2033883459,2628.22,12.478,1739158330777,False
1739158330819, ETHUSDT,2033883460,2628.39,8.012,1739158330816,False
1739158330826, ETHUSDT,2033883464,2628.49,37.72,1739158330816,False
1739158330826, ETHUSDT,2033883467,2628.52,12.864,1739158330822,False
1739158330947, ETHUSDT,2033883479,2629.12,6.09,1739158330923,False
1739158330978, ETHUSDT,2033883481,2629.15,20.578,1739158330958,True
1739158330990, ETHUSDT,2033883487,2629.0,19.648,1739158330987,False
1739158331014, ETHUSDT,2033883501,2629.01,7.448,1739158331010,False
1739158331014, ETHUSDT,2033883512,2629.37,7.633,1739158331010,False
1739158331014, ETHUSDT,2033883513,2629.38,6.953,1739158331010,False
1739158331014, ETHUSDT,2033883515,2629.4,7.423,1739158331010,False
1739158331028, ETHUSDT,2033883520,2629.47,10.593,1739158331010,False
1739158331287, ETHUSDT,2033883527,2629.32,5.985,1739158331261,False
1739158331290, ETHUSDT,2033883528,2629.38,14.109,1739158331283,False
1739158331292, ETHUSDT,2033883536,2629.61,6.843,1739158331287,False
1739158331292, ETHUSDT,2033883539,2629.64,12.086,1739158331287,False
1739158331299, ETHUSDT,2033883558,2629.72,6.306,1739158331290,False
1739158331308, ETHUSDT,2033883566,2629.9,12.868,1739158331298,False
1739158331317, ETHUSDT,2033883583,2630.02,5.984,1739158331310,True
1739158331319, ETHUSDT,2033883587,2630.06,10.201,1739158331312,True
1739158331535, ETHUSDT,2033883644,2629.44,6.597,1739158331496,True
1739158331661, ETHUSDT,2033883649,2629.32,13.487,1739158331592,True
1739158331817, ETHUSDT,2033883660,2629.65,11.415,1739158331813,False
1739158332265, ETHUSDT,2033883685,2630.23,28.899,1739158332189,True
1739158332306, ETHUSDT,2033883687,2630.23,19.779,1739158332287,False
1739158332419, ETHUSDT,2033883689,2630.27,13.822,1739158332314,True
1739158332915, ETHUSDT,2033883750,2630.82,11.482,1739158332896,True
1739158332992, ETHUSDT,2033883752,2630.98,7.821,1739158332930,True
1739158333373, ETHUSDT,2033883774,2630.6,14.824,1739158333285,False
1739158333817, ETHUSDT,2033883781,2630.71,10.4,1739158333812,True
1739158333819, ETHUSDT,2033883785,2630.65,7.187,1739158333814,True
1739158333908, ETHUSDT,2033883788,2630.6,97.155,1739158333834,True
1739158335115, ETHUSDT,2033883896,2628.92,8.152,1739158335047,True
1739158335351, ETHUSDT,2033883900,2628.92,10.689,1739158335207,True
1739158335413, ETHUSDT,2033883920,2628.6,7.185,1739158335404,True
1739158335793, ETHUSDT,2033883948,2628.29,15.748,1739158335762,False
1739158335896, ETHUSDT,2033883965,2628.72,6.752,1739158335887,False
1739158336301, ETHUSDT,2033883997,2629.25,5.937,1739158336257,False
1739158336397, ETHUSDT,2033884001,2629.39,6.858,1739158336390,False
1739158336548, ETHUSDT,2033884002,2629.39,9.972,1739158336394,True
1739158336827, ETHUSDT,2033884005,2629.39,77.81,1739158336748,True
1739158337324, ETHUSDT,2033884055,2628.5,9.149,1739158337170,True
1739158337906, ETHUSDT,2033884077,2628.13,13.936,1739158337854,True
1739158338125, ETHUSDT,2033884088,2628.0,10.794,1739158338060,True
1739158338129, ETHUSDT,2033884091,2627.97,7.111,1739158338120,True
1739158338131, ETHUSDT,2033884095,2627.92,6.339,1739158338123,True
1739158338168, ETHUSDT,2033884102,2627.83,39.668,1739158338160,False
1739158338312, ETHUSDT,2033884107,2627.8,32.857,1739158338195,False
1739158338915, ETHUSDT,2033884114,2627.8,8.25,1739158338909,False
1739158338918, ETHUSDT,2033884115,2627.81,12.313,1739158338909,False
1739158339316, ETHUSDT,2033884123,2628.03,7.655,1739158339231,True
1739158339316, ETHUSDT,2033884138,2627.79,7.499,1739158339313,True
1739158340033, ETHUSDT,2033884171,2627.51,6.301,1739158340029,True
1739158340706, ETHUSDT,2033884192,2627.32,6.293,1739158340703,True
1739158340843, ETHUSDT,2033884208,2627.14,8.276,1739158340839,True
1739158340843, ETHUSDT,2033884209,2627.13,6.312,1739158340839,True
1739158340843, ETHUSDT,2033884222,2626.97,7.119,1739158340839,True
1739158340894, ETHUSDT,2033884224,2626.97,6.06,1739158340872,False
1739158341202, ETHUSDT,2033884240,2626.77,7.127,1739158341166,True
1739158341246, ETHUSDT,2033884243,2626.73,6.313,1739158341233,True
1739158341247, ETHUSDT,2033884253,2626.62,6.346,1739158341243,True
1739158341247, ETHUSDT,2033884256,2626.59,7.215,1739158341243,True
1739158341353, ETHUSDT,2033884262,2626.55,7.168,1739158341293,True
1739158341473, ETHUSDT,2033884269,2626.55,22.275,1739158341467,True
1739158341480, ETHUSDT,2033884272,2626.49,6.156,1739158341468,True
1739158341571, ETHUSDT,2033884288,2626.88,11.438,1739158341568,False
1739158341571, ETHUSDT,2033884289,2626.89,7.242,1739158341568,False
1739158341886, ETHUSDT,2033884329,2627.68,7.564,1739158341872,True
1739158342170, ETHUSDT,2033884338,2627.74,7.828,1739158342129,True
1739158343064, ETHUSDT,2033884393,2626.37,6.462,1739158342984,True
1739158343064, ETHUSDT,2033884397,2626.33,7.122,1739158343061,True
1739158343170, ETHUSDT,2033884406,2626.2,6.938,1739158343061,True
1739158343456, ETHUSDT,2033884411,2626.18,16.884,1739158343443,True
1739158343625, ETHUSDT,2033884420,2626.02,14.287,1739158343616,True
1739158343721, ETHUSDT,2033884433,2625.82,8.325,1739158343717,True
1739158343895, ETHUSDT,2033884436,2625.79,5.743,1739158343885,True
1739158344030, ETHUSDT,2033884457,2625.56,6.36,1739158344024,True
1739158344142, ETHUSDT,2033884465,2625.44,6.308,1739158344137,True
1739158344153, ETHUSDT,2033884470,2625.37,7.111,1739158344138,True
1739158344205, ETHUSDT,2033884479,2625.27,7.218,1739158344152,True
1739158344205, ETHUSDT,2033884481,2625.24,7.111,1739158344201,True
1739158344214, ETHUSDT,2033884485,2625.19,6.317,1739158344201,True
1739158344557, ETHUSDT,2033884510,2624.98,7.119,1739158344542,True
1739158344778, ETHUSDT,2033884525,2624.81,80.647,1739158344772,False
1739158344778, ETHUSDT,2033884526,2624.89,9.603,1739158344773,False
1739158344783, ETHUSDT,2033884533,2625.07,9.603,1739158344776,False
1739158345088, ETHUSDT,2033884561,2625.6,26.501,1739158345084,True
1739158345088, ETHUSDT,2033884573,2625.41,7.194,1739158345084,True
1739158345090, ETHUSDT,2033884579,2625.33,16.046,1739158345085,True
1739158345090, ETHUSDT,2033884583,2625.28,6.655,1739158345085,True
1739158345865, ETHUSDT,2033884615,2624.79,10.865,1739158345858,False
1739158346322, ETHUSDT,2033884629,2624.78,12.312,1739158346302,True
1739158346394, ETHUSDT,2033884630,2624.72,6.376,1739158346319,True
1739158346550, ETHUSDT,2033884644,2624.57,14.724,1739158346519,True
1739158346558, ETHUSDT,2033884646,2624.55,7.666,1739158346546,True
1739158346656, ETHUSDT,2033884658,2624.38,7.13,1739158346652,True
1739158346656, ETHUSDT,2033884684,2624.06,6.159,1739158346652,True
1739158346656, ETHUSDT,2033884685,2624.05,5.966,1739158346652,True
1739158346656, ETHUSDT,2033884688,2624.02,7.044,1739158346652,True
1739158346656, ETHUSDT,2033884690,2624.0,7.299,1739158346652,True
1739158346656, ETHUSDT,2033884693,2623.93,9.656,1739158346652,True
1739158346670, ETHUSDT,2033884695,2623.91,9.317,1739158346652,True
1739158346852, ETHUSDT,2033884699,2624.17,16.069,1739158346813,False
1739158346861, ETHUSDT,2033884709,2624.43,7.212,1739158346848,False
1739158347495, ETHUSDT,2033884739,2623.95,5.91,1739158347473,False
1739158347495, ETHUSDT,2033884765,2624.41,7.634,1739158347492,False
1739158347495, ETHUSDT,2033884773,2624.51,6.37,1739158347492,False
1739158347591, ETHUSDT,2033884780,2624.29,23.545,1739158347589,True
1739158349010, ETHUSDT,2033884816,2624.19,10.0,1739158349006,True
1739158349045, ETHUSDT,2033884825,2623.98,7.249,1739158349021,True
1739158349201, ETHUSDT,2033884831,2623.91,36.681,1739158349198,False
1739158349213, ETHUSDT,2033884833,2623.95,7.051,1739158349198,False
1739158349422, ETHUSDT,2033884842,2624.23,27.202,1739158349342,False
1739158349604, ETHUSDT,2033884859,2624.61,6.38,1739158349600,False
1739158350946, ETHUSDT,2033884898,2625.29,12.189,1739158350805,True
1739158350948, ETHUSDT,2033884899,2625.29,25.757,1739158350943,True
1739158351155, ETHUSDT,2033884915,2625.3,7.327,1739158351126,False
1739158351992, ETHUSDT,2033884930,2625.59,5.828,1739158351937,True
1739158351995, ETHUSDT,2033884931,2625.6,13.193,1739158351988,False
1739158352081, ETHUSDT,2033884951,2625.87,6.424,1739158351990,False
1739158352599, ETHUSDT,2033884958,2625.59,15.97,1739158352596,True
1739158352721, ETHUSDT,2033884966,2625.6,8.873,1739158352607,False
1739158353532, ETHUSDT,2033884987,2625.86,8.163,1739158353520,True
1739158354449, ETHUSDT,2033885011,2625.38,14.667,1739158354393,False
1739158354449, ETHUSDT,2033885012,2625.39,7.367,1739158354445,False
1739158354449, ETHUSDT,2033885027,2625.64,15.008,1739158354445,False
1739158354449, ETHUSDT,2033885047,2625.87,6.847,1739158354445,False
1739158354449, ETHUSDT,2033885051,2625.91,7.335,1739158354445,False
1739158354450, ETHUSDT,2033885055,2625.95,23.025,1739158354445,False
1739158354450, ETHUSDT,2033885061,2626.01,13.267,1739158354445,False
1739158354468, ETHUSDT,2033885068,2625.68,7.51,1739158354460,False
1739158354575, ETHUSDT,2033885070,2625.87,7.78,1739158354541,False
1739158354865, ETHUSDT,2033885077,2626.15,8.687,1739158354858,False
1739158355199, ETHUSDT,2033885084,2626.21,14.578,1739158355045,True
1739158355273, ETHUSDT,2033885085,2626.21,6.065,1739158355245,True
1739158355336, ETHUSDT,2033885092,2626.07,53.826,1739158355294,True
1739158355342, ETHUSDT,2033885093,2626.08,53.28,1739158355332,False
1739158355378, ETHUSDT,2033885094,2626.07,5.974,1739158355338,True
1739158355608, ETHUSDT,2033885097,2626.07,6.994,1739158355603,True
1739158355608, ETHUSDT,2033885107,2625.91,7.192,1739158355603,True
1739158356257, ETHUSDT,2033885127,2625.88,10.478,1739158356253,False
1739158357053, ETHUSDT,2033885162,2626.61,9.981,1739158357048,False
1739158357137, ETHUSDT,2033885175,2626.82,7.444,1739158357125,False
1739158357225, ETHUSDT,2033885188,2627.0,6.985,1739158357160,False
1739158357312, ETHUSDT,2033885193,2627.18,10.683,1739158357226,True
1739158566320, ETHUSDT, 2642.36, 2.702, 22:36:06, False
1739158566340, ETHUSDT, 2642.35, 0.563, 22:36:06, True
1739158566403, ETHUSDT, 2642.36, 0.27, 22:36:06, False
1739158566428, ETHUSDT, 2642.35, 3.175, 22:36:06, True
1739158566430, ETHUSDT, 2642.34, 2.893, 22:36:06, True
1739158566430, ETHUSDT, 2642.33, 0.202, 22:36:06, True
1739158566444, ETHUSDT, 2642.3, 0.016, 22:36:06, True
1739158566444, ETHUSDT, 2642.29, 0.008, 22:36:06, True
1739158566444, ETHUSDT, 2642.27, 0.008, 22:36:06, True
1739158566444, ETHUSDT, 2642.24, 0.008, 22:36:06, True
1739158566444, ETHUSDT, 2642.23, 0.804, 22:36:06, True
1739158566489, ETHUSDT, 2642.19, 2.167, 22:36:06, False
1739158566627, ETHUSDT, 2642.19, 4.751, 22:36:06, False
1739158566734, ETHUSDT, 2642.18, 0.029, 22:36:06, True
1739158566929, ETHUSDT, 2642.18, 6.126, 22:36:06, True
1739158567059, ETHUSDT,2033902142,2642.18,6.126,1739158566929,True
1739158567055, ETHUSDT, 2642.19, 2.356, 22:36:07, False
1739158567121, ETHUSDT, 2642.2, 0.019, 22:36:07, False
1739158567139, ETHUSDT,2033902158,2642.48,5.745,1739158567129,False
1739158567121, ETHUSDT, 2642.21, 0.085, 22:36:07, False
1739158567121, ETHUSDT, 2642.22, 1.892, 22:36:07, False
1739158567121, ETHUSDT, 2642.23, 0.016, 22:36:07, False
1739158567121, ETHUSDT, 2642.24, 0.109, 22:36:07, False
1739158567121, ETHUSDT, 2642.26, 0.093, 22:36:07, False
1739158567126, ETHUSDT, 2642.32, 1.857, 22:36:07, False
1739158567126, ETHUSDT, 2642.35, 0.946, 22:36:07, False
1739158567126, ETHUSDT, 2642.38, 0.188, 22:36:07, False
1739158567126, ETHUSDT, 2642.39, 3.208, 22:36:07, False
1739158567127, ETHUSDT, 2642.4, 0.138, 22:36:07, False
1739158567127, ETHUSDT, 2642.41, 4.694, 22:36:07, False
1739158567129, ETHUSDT, 2642.46, 0.008, 22:36:07, False
1739158567129, ETHUSDT, 2642.47, 0.01, 22:36:07, False
1739158567129, ETHUSDT, 2642.48, 5.745, 22:36:07, False
1739158567131, ETHUSDT, 2642.5, 0.449, 22:36:07, False
1739158567131, ETHUSDT, 2642.51, 2.236, 22:36:07, False
1739158567131, ETHUSDT, 2642.52, 1.969, 22:36:07, False
1739158567131, ETHUSDT, 2642.53, 0.129, 22:36:07, False
1739158567131, ETHUSDT, 2642.54, 3.285, 22:36:07, False
1739158567137, ETHUSDT, 2642.56, 0.198, 22:36:07, False
1739158567137, ETHUSDT, 2642.57, 0.016, 22:36:07, False
1739158567137, ETHUSDT, 2642.59, 0.6, 22:36:07, False
1739158567137, ETHUSDT, 2642.6, 0.01, 22:36:07, False
1739158567137, ETHUSDT, 2642.61, 0.371, 22:36:07, False
1739158567146, ETHUSDT, 2642.44, 0.946, 22:36:07, False
1739158567147, ETHUSDT, 2642.61, 1.142, 22:36:07, False
1739158567148, ETHUSDT, 2642.64, 3.811, 22:36:07, False
1739158567148, ETHUSDT, 2642.66, 0.03, 22:36:07, False
1739158567148, ETHUSDT, 2642.68, 0.058, 22:36:07, False
1739158567154, ETHUSDT, 2642.69, 2.271, 22:36:07, False
1739158567154, ETHUSDT, 2642.7, 0.863, 22:36:07, False
1739158567174, ETHUSDT, 2642.72, 5.419, 22:36:07, False
1739158567198, ETHUSDT, 2642.65, 0.946, 22:36:07, False
1739158567198, ETHUSDT, 2642.66, 1.892, 22:36:07, False
1739158567198, ETHUSDT, 2642.67, 0.946, 22:36:07, False
1739158567198, ETHUSDT, 2642.72, 0.572, 22:36:07, False
1739158567198, ETHUSDT, 2642.73, 0.168, 22:36:07, False
1739158567213, ETHUSDT, 2642.69, 0.946, 22:36:07, False
1739158567241, ETHUSDT, 2642.76, 0.012, 22:36:07, False
1739158567246, ETHUSDT, 2642.77, 0.092, 22:36:07, False
1739158567246, ETHUSDT, 2642.8, 0.008, 22:36:07, False
1739158567254, ETHUSDT, 2642.81, 0.008, 22:36:07, False
1739158567254, ETHUSDT, 2642.82, 0.008, 22:36:07, False
1739158567254, ETHUSDT, 2642.83, 0.077, 22:36:07, False
1739158567254, ETHUSDT, 2642.86, 0.008, 22:36:07, False
1739158567254, ETHUSDT, 2642.89, 0.008, 22:36:07, False
1739158567254, ETHUSDT, 2642.9, 0.451, 22:36:07, False
1739158567254, ETHUSDT, 2642.91, 0.016, 22:36:07, False
1739158567256, ETHUSDT, 2642.81, 5.494, 22:36:07, False
1739158567270, ETHUSDT, 2642.94, 0.184, 22:36:07, False
1739158567270, ETHUSDT, 2642.96, 1.141, 22:36:07, False
1739158567273, ETHUSDT, 2642.99, 0.046, 22:36:07, False
1739158567273, ETHUSDT, 2643.0, 2.626, 22:36:07, False
1739158567308, ETHUSDT, 2642.83, 0.472, 22:36:07, False
1739158567308, ETHUSDT, 2642.84, 0.011, 22:36:07, False
1739158567340, ETHUSDT, 2642.99, 1.049, 22:36:07, True
1739158567450, ETHUSDT, 2642.99, 1.665, 22:36:07, True
1739158567494, ETHUSDT, 2643.0, 1.068, 22:36:07, False
1739158567495, ETHUSDT, 2642.99, 0.01, 22:36:07, True
1739158567501, ETHUSDT, 2643.0, 0.431, 22:36:07, False
1739158567755, ETHUSDT, 2642.99, 0.009, 22:36:07, True
1739158567826, ETHUSDT, 2643.0, 0.712, 22:36:07, False
1739158567937, ETHUSDT, 2642.99, 13.766, 22:36:07, True
1739158568091, ETHUSDT,2033902207,2642.99,13.766,1739158567937,True
1739158568108, ETHUSDT, 2642.73, 8.366, 22:36:08, True
1739158568113, ETHUSDT,2033902208,2642.73,8.366,1739158568108,True
1739158568108, ETHUSDT, 2642.72, 0.061, 22:36:08, True
1739158568113, ETHUSDT,2033902220,2642.58,6.587,1739158568108,True
1739158568108, ETHUSDT, 2642.71, 0.008, 22:36:08, True
1739158568108, ETHUSDT, 2642.7, 0.7, 22:36:08, True
1739158568108, ETHUSDT, 2642.69, 0.008, 22:36:08, True
1739158568108, ETHUSDT, 2642.67, 0.016, 22:36:08, True
1739158568108, ETHUSDT, 2642.65, 0.008, 22:36:08, True
1739158568108, ETHUSDT, 2642.64, 2.88, 22:36:08, True
1739158568108, ETHUSDT, 2642.63, 0.008, 22:36:08, True
1739158568108, ETHUSDT, 2642.61, 0.008, 22:36:08, True
1739158568108, ETHUSDT, 2642.6, 0.24, 22:36:08, True
1739158568108, ETHUSDT, 2642.59, 0.03, 22:36:08, True
1739158568108, ETHUSDT, 2642.58, 6.587, 22:36:08, True
1739158568108, ETHUSDT, 2642.74, 0.276, 22:36:08, False
1739158568214, ETHUSDT, 2642.73, 0.018, 22:36:08, True
1739158568300, ETHUSDT, 2642.61, 0.008, 22:36:08, True
1739158568300, ETHUSDT, 2642.59, 0.008, 22:36:08, True
1739158568300, ETHUSDT, 2642.56, 0.008, 22:36:08, True
1739158568300, ETHUSDT, 2642.53, 0.016, 22:36:08, True
1739158568300, ETHUSDT, 2642.51, 0.008, 22:36:08, True
1739158568300, ETHUSDT, 2642.5, 0.04, 22:36:08, True
1739158568300, ETHUSDT, 2642.48, 0.008, 22:36:08, True
1739158568300, ETHUSDT, 2642.46, 0.05, 22:36:08, True
1739158568300, ETHUSDT, 2642.45, 0.016, 22:36:08, True
1739158568300, ETHUSDT, 2642.44, 0.011, 22:36:08, True
1739158568309, ETHUSDT, 2642.45, 0.011, 22:36:08, False
1739158568410, ETHUSDT, 2642.44, 1.346, 22:36:08, True
1739158568442, ETHUSDT, 2642.45, 1.0, 22:36:08, False
1739158568564, ETHUSDT, 2642.44, 0.01, 22:36:08, True
1739158568605, ETHUSDT, 2642.45, 0.271, 22:36:08, False
1739158568774, ETHUSDT,2033902238,2642.44,6.901,1739158568767,True
1739158568767, ETHUSDT, 2642.44, 6.901, 22:36:08, True
1739158568769, ETHUSDT, 2642.41, 0.016, 22:36:08, True
1739158568769, ETHUSDT, 2642.4, 0.008, 22:36:08, True
1739158568769, ETHUSDT, 2642.38, 0.008, 22:36:08, True
1739158568769, ETHUSDT, 2642.34, 3.249, 22:36:08, True
1739158568773, ETHUSDT, 2642.33, 1.235, 22:36:08, True
1739158568785, ETHUSDT, 2642.32, 0.032, 22:36:08, True
1739158568785, ETHUSDT, 2642.3, 1.911, 22:36:08, True
1739158568803, ETHUSDT, 2642.28, 3.23, 22:36:08, True
1739158568803, ETHUSDT, 2642.27, 1.185, 22:36:08, True
1739158568815, ETHUSDT, 2642.25, 0.016, 22:36:08, True
1739158568815, ETHUSDT, 2642.24, 0.008, 22:36:08, True
1739158568815, ETHUSDT, 2642.23, 0.008, 22:36:08, True
1739158568815, ETHUSDT, 2642.21, 0.008, 22:36:08, True
1739158568815, ETHUSDT, 2642.2, 9.555, 22:36:08, True
1739158568818, ETHUSDT,2033902252,2642.2,9.555,1739158568815,True
1739158568815, ETHUSDT, 2642.19, 0.066, 22:36:08, True
1739158568821, ETHUSDT,2033902257,2642.12,9.096,1739158568818,True
1739158568818, ETHUSDT, 2642.18, 2.894, 22:36:08, True
1739158568818, ETHUSDT, 2642.17, 0.016, 22:36:08, True
1739158568818, ETHUSDT, 2642.16, 0.016, 22:36:08, True
1739158568818, ETHUSDT, 2642.12, 9.096, 22:36:08, True
1739158568818, ETHUSDT, 2642.1, 0.028, 22:36:08, True
1739158568818, ETHUSDT, 2642.09, 0.008, 22:36:08, True
1739158568818, ETHUSDT, 2642.08, 0.008, 22:36:08, True
1739158568818, ETHUSDT, 2642.07, 0.012, 22:36:08, True
1739158568818, ETHUSDT, 2642.06, 0.227, 22:36:08, True
1739158568818, ETHUSDT, 2642.05, 0.01, 22:36:08, True
1739158568818, ETHUSDT, 2642.03, 0.016, 22:36:08, True
1739158568818, ETHUSDT, 2642.02, 0.008, 22:36:08, True
1739158568818, ETHUSDT, 2642.0, 0.008, 22:36:08, True
1739158568861, ETHUSDT, 2641.98, 0.156, 22:36:08, True
1739158568925, ETHUSDT, 2641.99, 2.526, 22:36:08, False
1739158568925, ETHUSDT, 2642.01, 0.2, 22:36:08, False
1739158568926, ETHUSDT, 2642.03, 0.011, 22:36:08, False
1739158568926, ETHUSDT, 2642.12, 1.0, 22:36:08, False
1739158568926, ETHUSDT, 2642.17, 1.892, 22:36:08, False
1739158568926, ETHUSDT, 2642.19, 3.6, 22:36:08, False
1739158568927, ETHUSDT, 2642.22, 0.07, 22:36:08, False
1739158568927, ETHUSDT, 2642.25, 0.017, 22:36:08, False
1739158568927, ETHUSDT, 2642.26, 0.136, 22:36:08, False
1739158568945, ETHUSDT, 2642.34, 0.016, 22:36:08, False
1739158568948, ETHUSDT, 2642.37, 0.245, 22:36:08, True
1739158568988, ETHUSDT, 2642.41, 0.04, 22:36:08, False
1739158569032, ETHUSDT, 2642.42, 0.461, 22:36:09, True
1739158569121, ETHUSDT, 2642.43, 0.074, 22:36:09, False
1739158569237, ETHUSDT, 2642.42, 3.166, 22:36:09, True
1739158569329, ETHUSDT, 2642.07, 0.33, 22:36:09, False
1739158569341, ETHUSDT, 2642.06, 0.193, 22:36:09, True
1739158569392, ETHUSDT, 2642.34, 0.011, 22:36:09, False
1739158569392, ETHUSDT, 2642.36, 0.035, 22:36:09, False
1739158569536, ETHUSDT, 2642.4, 0.069, 22:36:09, False
1739158569593, ETHUSDT,2033902289,2642.4,5.985,1739158569590,False
1739158569560, ETHUSDT, 2642.39, 1.5, 22:36:09, True
1739158569590, ETHUSDT, 2642.4, 5.985, 22:36:09, False
1739158569590, ETHUSDT, 2642.43, 0.903, 22:36:09, False
1739158569590, ETHUSDT, 2642.45, 0.067, 22:36:09, False
1739158569590, ETHUSDT, 2642.46, 0.381, 22:36:09, False
1739158569598, ETHUSDT, 2642.47, 0.05, 22:36:09, False
1739158569598, ETHUSDT, 2642.5, 0.016, 22:36:09, False
1739158569598, ETHUSDT, 2642.51, 0.016, 22:36:09, False
1739158569598, ETHUSDT, 2642.52, 0.008, 22:36:09, False
1739158569599, ETHUSDT, 2642.57, 0.016, 22:36:09, False
1739158569599, ETHUSDT, 2642.58, 0.008, 22:36:09, False
1739158569664, ETHUSDT, 2642.63, 0.01, 22:36:09, False
1739158569685, ETHUSDT, 2642.65, 0.119, 22:36:09, False
1739158569773, ETHUSDT, 2642.66, 0.016, 22:36:09, False
1739158569828, ETHUSDT, 2642.69, 0.929, 22:36:09, False
1739158569828, ETHUSDT, 2642.7, 0.008, 22:36:09, False
1739158569828, ETHUSDT, 2642.71, 0.008, 22:36:09, False
1739158569828, ETHUSDT, 2642.72, 0.088, 22:36:09, False
1739158569828, ETHUSDT, 2642.73, 0.22, 22:36:09, False
1739158569828, ETHUSDT, 2642.74, 0.093, 22:36:09, False
1739158569828, ETHUSDT, 2642.76, 0.016, 22:36:09, False
1739158569865, ETHUSDT, 2642.77, 0.841, 22:36:09, False
1739158569865, ETHUSDT, 2642.79, 0.008, 22:36:09, False
1739158569865, ETHUSDT, 2642.8, 0.008, 22:36:09, False
1739158569865, ETHUSDT, 2642.81, 0.016, 22:36:09, False
1739158569865, ETHUSDT, 2642.82, 0.016, 22:36:09, False
1739158569865, ETHUSDT, 2642.84, 0.096, 22:36:09, False
1739158569865, ETHUSDT, 2642.86, 0.024, 22:36:09, False
1739158569865, ETHUSDT, 2642.89, 0.038, 22:36:09, False
1739158569873, ETHUSDT, 2642.88, 0.788, 22:36:09, True
1739158570037, ETHUSDT, 2642.88, 3.19, 22:36:10, True
1739158570103, ETHUSDT, 2642.89, 0.586, 22:36:10, False
1739158570133, ETHUSDT, 2642.88, 4.253, 22:36:10, True
1739158570217, ETHUSDT, 2642.87, 0.008, 22:36:10, True
1739158570218, ETHUSDT, 2642.85, 0.008, 22:36:10, True
1739158570218, ETHUSDT, 2642.82, 0.016, 22:36:10, True
1739158570218, ETHUSDT, 2642.8, 0.008, 22:36:10, True
1739158570218, ETHUSDT, 2642.77, 0.008, 22:36:10, True
1739158570218, ETHUSDT, 2642.75, 0.008, 22:36:10, True
1739158570218, ETHUSDT, 2642.74, 0.008, 22:36:10, True
1739158570218, ETHUSDT, 2642.73, 0.008, 22:36:10, True
1739158570218, ETHUSDT, 2642.71, 0.223, 22:36:10, True
1739158570218, ETHUSDT, 2642.68, 0.008, 22:36:10, True
1739158570218, ETHUSDT, 2642.66, 0.13, 22:36:10, True
1739158570351, ETHUSDT, 2642.66, 2.484, 22:36:10, True
1739158570351, ETHUSDT, 2642.65, 0.012, 22:36:10, True
1739158570352, ETHUSDT, 2642.61, 0.018, 22:36:10, True
1739158570366, ETHUSDT,2033902335,2642.6,34.741,1739158570352,True
1739158570352, ETHUSDT, 2642.6, 34.741, 22:36:10, True
1739158570358, ETHUSDT, 2642.54, 0.008, 22:36:10, True
1739158570358, ETHUSDT, 2642.5, 0.016, 22:36:10, True
1739158570358, ETHUSDT, 2642.49, 0.709, 22:36:10, True
1739158570360, ETHUSDT, 2642.47, 0.259, 22:36:10, True
1739158570456, ETHUSDT, 2642.4, 0.008, 22:36:10, True
1739158570493, ETHUSDT, 2642.39, 3.038, 22:36:10, True
1739158570493, ETHUSDT, 2642.38, 0.016, 22:36:10, True
1739158570675, ETHUSDT, 2642.29, 0.016, 22:36:10, True
1739158570936, ETHUSDT, 2642.23, 0.135, 22:36:10, True
1739158571050, ETHUSDT, 2642.17, 0.008, 22:36:11, True
1739158571057, ETHUSDT, 2642.15, 0.016, 22:36:11, True
1739158571060, ETHUSDT, 2642.1, 0.031, 22:36:11, True
1739158571060, ETHUSDT, 2642.08, 0.008, 22:36:11, True
1739158571060, ETHUSDT, 2642.07, 0.016, 22:36:11, True
1739158571060, ETHUSDT, 2642.06, 0.008, 22:36:11, True
1739158571060, ETHUSDT, 2642.03, 0.008, 22:36:11, True
1739158571060, ETHUSDT, 2642.0, 0.008, 22:36:11, True
1739158571060, ETHUSDT, 2641.99, 0.16, 22:36:11, True
1739158571093, ETHUSDT,2033902358,2641.91,14.142,1739158571088,True
1739158571088, ETHUSDT, 2641.96, 0.008, 22:36:11, True
1739158571088, ETHUSDT, 2641.95, 0.016, 22:36:11, True
1739158571088, ETHUSDT, 2641.94, 0.008, 22:36:11, True
1739158571088, ETHUSDT, 2641.92, 0.397, 22:36:11, True
1739158571088, ETHUSDT, 2641.91, 14.142, 22:36:11, True
1739158571088, ETHUSDT, 2641.89, 1.143, 22:36:11, True
1739158571088, ETHUSDT, 2641.87, 0.018, 22:36:11, True
1739158571088, ETHUSDT, 2641.86, 0.016, 22:36:11, True
1739158571088, ETHUSDT, 2641.83, 0.151, 22:36:11, True
1739158571093, ETHUSDT,2033902369,2641.74,14.142,1739158571088,True
1739158571088, ETHUSDT, 2641.82, 0.108, 22:36:11, True
1739158571093, ETHUSDT,2033902370,2641.73,7.008,1739158571088,True
1739158571088, ETHUSDT, 2641.81, 0.008, 22:36:11, True
1739158571088, ETHUSDT, 2641.8, 0.086, 22:36:11, True
1739158571088, ETHUSDT, 2641.78, 1.335, 22:36:11, True
1739158571088, ETHUSDT, 2641.76, 2.843, 22:36:11, True
1739158571088, ETHUSDT, 2641.75, 0.008, 22:36:11, True
1739158571088, ETHUSDT, 2641.74, 14.142, 22:36:11, True
1739158571088, ETHUSDT, 2641.73, 7.008, 22:36:11, True
1739158571088, ETHUSDT, 2641.72, 14.192, 22:36:11, True
1739158571114, ETHUSDT,2033902371,2641.72,14.192,1739158571088,True
1739158571108, ETHUSDT, 2641.76, 0.019, 22:36:11, False
1739158571130, ETHUSDT, 2641.71, 0.51, 22:36:11, True
1739158571232, ETHUSDT, 2641.72, 0.01, 22:36:11, False
1739158571307, ETHUSDT, 2641.71, 0.055, 22:36:11, True
1739158571307, ETHUSDT, 2641.7, 0.05, 22:36:11, True
1739158571329, ETHUSDT, 2641.67, 0.008, 22:36:11, False
1739158571449, ETHUSDT, 2641.67, 3.501, 22:36:11, False
1739158571554, ETHUSDT, 2641.67, 0.038, 22:36:11, False
1739158571722, ETHUSDT, 2641.66, 0.008, 22:36:11, True
1739158571823, ETHUSDT, 2641.66, 0.757, 22:36:11, True
1739158571898, ETHUSDT, 2641.67, 0.094, 22:36:11, False
1739158572003, ETHUSDT, 2641.66, 0.429, 22:36:12, True
1739158572062, ETHUSDT, 2641.67, 0.001, 22:36:12, False
1739158572110, ETHUSDT, 2641.66, 2.784, 22:36:12, True
1739158572116, ETHUSDT, 2641.61, 0.011, 22:36:12, True
1739158572117, ETHUSDT, 2641.6, 0.019, 22:36:12, True
1739158572117, ETHUSDT, 2641.59, 0.008, 22:36:12, True
1739158572117, ETHUSDT, 2641.57, 0.012, 22:36:12, True
1739158572117, ETHUSDT, 2641.55, 0.008, 22:36:12, True
1739158572117, ETHUSDT, 2641.54, 0.016, 22:36:12, True
1739158572117, ETHUSDT, 2641.53, 0.242, 22:36:12, True
1739158572252, ETHUSDT, 2641.53, 0.009, 22:36:12, True
1739158572377, ETHUSDT, 2641.54, 0.039, 22:36:12, False
1739158572420, ETHUSDT, 2641.53, 1.709, 22:36:12, True
1739158572421, ETHUSDT, 2641.51, 1.57, 22:36:12, True
1739158572423, ETHUSDT, 2641.46, 0.016, 22:36:12, True
1739158572426, ETHUSDT, 2641.43, 0.05, 22:36:12, True
1739158572426, ETHUSDT, 2641.42, 0.008, 22:36:12, True
1739158572426, ETHUSDT, 2641.4, 0.116, 22:36:12, True
1739158572426, ETHUSDT, 2641.38, 0.016, 22:36:12, True
1739158572466, ETHUSDT, 2641.34, 0.273, 22:36:12, True
1739158572511, ETHUSDT, 2641.32, 0.016, 22:36:12, True
1739158572511, ETHUSDT, 2641.3, 0.019, 22:36:12, True
1739158572511, ETHUSDT, 2641.29, 0.016, 22:36:12, True
1739158572511, ETHUSDT, 2641.27, 0.024, 22:36:12, True
1739158572511, ETHUSDT, 2641.26, 0.008, 22:36:12, True
1739158572511, ETHUSDT, 2641.24, 0.008, 22:36:12, True
1739158572511, ETHUSDT, 2641.22, 0.008, 22:36:12, True
1739158572511, ETHUSDT, 2641.21, 4.465, 22:36:12, True
1739158572511, ETHUSDT, 2641.2, 0.024, 22:36:12, True
1739158572511, ETHUSDT, 2641.19, 0.016, 22:36:12, True
1739158572516, ETHUSDT,2033902418,2641.12,14.15,1739158572511,True
1739158572511, ETHUSDT, 2641.18, 0.329, 22:36:12, True
1739158572511, ETHUSDT, 2641.17, 0.016, 22:36:12, True
1739158572511, ETHUSDT, 2641.16, 0.008, 22:36:12, True
1739158572511, ETHUSDT, 2641.14, 0.008, 22:36:12, True
1739158572511, ETHUSDT, 2641.13, 0.05, 22:36:12, True
1739158572511, ETHUSDT, 2641.12, 14.15, 22:36:12, True
1739158572511, ETHUSDT, 2641.1, 0.025, 22:36:12, True
1739158572511, ETHUSDT, 2641.09, 0.278, 22:36:12, True
1739158572511, ETHUSDT, 2641.08, 3.331, 22:36:12, True
1739158572511, ETHUSDT, 2641.07, 0.016, 22:36:12, True
1739158572511, ETHUSDT, 2641.05, 0.008, 22:36:12, True
1739158572511, ETHUSDT, 2641.04, 0.022, 22:36:12, True
1739158572511, ETHUSDT, 2641.03, 0.012, 22:36:12, True
1739158572511, ETHUSDT, 2641.02, 0.07, 22:36:12, True
1739158572511, ETHUSDT, 2641.01, 2.806, 22:36:12, True
1739158572511, ETHUSDT, 2641.0, 0.021, 22:36:12, True
1739158572650, ETHUSDT, 2641.0, 0.009, 22:36:12, False
1739158572657, ETHUSDT, 2640.99, 2.32, 22:36:12, True
572687,False
1739158572687, ETHUSDT, 2641.0, 42.155, 22:36:12, False
1739158572687, ETHUSDT, 2641.02, 0.027, 22:36:12, False
1739158572687, ETHUSDT, 2641.05, 0.106, 22:36:12, False
1739158572687, ETHUSDT, 2641.08, 0.008, 22:36:12, False
1739158572687, ETHUSDT, 2641.1, 0.024, 22:36:12, False
1739158572687, ETHUSDT, 2641.12, 0.411, 22:36:12, False
1739158572687, ETHUSDT, 2641.13, 0.008, 22:36:12, False
1739158572687, ETHUSDT, 2641.15, 0.946, 22:36:12, False
1739158572687, ETHUSDT, 2641.16, 0.008, 22:36:12, False
1739158572687, ETHUSDT, 2641.17, 0.011, 22:36:12, False
1739158572687, ETHUSDT, 2641.18, 0.078, 22:36:12, False
1739158572687, ETHUSDT, 2641.19, 0.4, 22:36:12, False
1739158572687, ETHUSDT, 2641.21, 0.025, 22:36:12, False
1739158572687, ETHUSDT, 2641.23, 0.008, 22:36:12, False
1739158572687, ETHUSDT, 2641.26, 0.008, 22:36:12, False
1739158572687, ETHUSDT, 2641.29, 0.008, 22:36:12, False
1739158572687, ETHUSDT, 2641.3, 1.85, 22:36:12, False
1739158572687, ETHUSDT, 2641.31, 0.008, 22:36:12, False
1739158572687, ETHUSDT, 2641.33, 0.01, 22:36:12, False
1739158572687, ETHUSDT, 2641.34, 14.905, 22:36:12, False
1739158572841, ETHUSDT,2033902450,2641.34,14.905,1739158572687,False
1739158572838, ETHUSDT, 2640.99, 0.5, 22:36:12, True
1739158572848, ETHUSDT, 2641.0, 2.836, 22:36:12, False
1739158572907, ETHUSDT, 2640.99, 0.2, 22:36:12, True
1739158572914, ETHUSDT, 2641.0, 9.577, 22:36:12, False
1739158572963, ETHUSDT,2033902454,2641.0,9.577,1739158572914,False
1739158572960, ETHUSDT, 2641.1, 0.027, 22:36:12, False
1739158572960, ETHUSDT, 2641.11, 0.102, 22:36:12, False
1739158572978, ETHUSDT, 2641.24, 0.015, 22:36:12, True
1739158573000, ETHUSDT, 2641.25, 3.911, 22:36:13, False
1739158573005, ETHUSDT, 2641.33, 0.016, 22:36:13, False
1739158573007, ETHUSDT, 2641.35, 5.203, 22:36:13, False
1739158573007, ETHUSDT, 2641.36, 0.375, 22:36:13, False
1739158573013, ETHUSDT, 2641.4, 0.008, 22:36:13, False
1739158573013, ETHUSDT, 2641.41, 0.011, 22:36:13, False
1739158573055, ETHUSDT, 2641.47, 0.008, 22:36:13, False
1739158573055, ETHUSDT, 2641.49, 14.163, 22:36:13, False
1739158573059, ETHUSDT,2033902465,2641.49,14.163,1739158573055,False
1739158573056, ETHUSDT, 2641.55, 14.142, 22:36:13, False
1739158573068, ETHUSDT,2033902466,2641.55,14.142,1739158573056,False
1739158573062, ETHUSDT, 2641.6, 0.024, 22:36:13, False
1739158573131, ETHUSDT,2033902468,2641.61,14.142,1739158573062,False
1739158573062, ETHUSDT, 2641.61, 14.142, 22:36:13, False
1739158573127, ETHUSDT, 2641.63, 0.414, 22:36:13, True
1739158573224, ETHUSDT, 2641.64, 0.329, 22:36:13, False
1739158573233, ETHUSDT, 2641.63, 0.236, 22:36:13, True
1739158573311, ETHUSDT, 2641.64, 5.368, 22:36:13, False
1739158573366, ETHUSDT, 2641.63, 0.611, 22:36:13, True
1739158573376, ETHUSDT, 2641.64, 3.939, 22:36:13, False
1739158573377, ETHUSDT, 2641.67, 0.907, 22:36:13, False
1739158573380, ETHUSDT, 2641.7, 0.52, 22:36:13, False
1739158573380, ETHUSDT, 2641.72, 5.0, 22:36:13, False
1739158573380, ETHUSDT, 2641.73, 2.9, 22:36:13, False
1739158573408, ETHUSDT, 2641.76, 0.136, 22:36:13, False
1739158573408, ETHUSDT, 2641.77, 0.008, 22:36:13, False
1739158573408, ETHUSDT, 2641.78, 0.011, 22:36:13, False
1739158573424, ETHUSDT, 2641.79, 0.181, 22:36:13, False
1739158573435, ETHUSDT, 2641.8, 0.016, 22:36:13, False
1739158573450, ETHUSDT, 2641.83, 0.011, 22:36:13, False
1739158573450, ETHUSDT, 2641.84, 0.008, 22:36:13, False
1739158573456, ETHUSDT, 2641.86, 0.077, 22:36:13, False
1739158573456, ETHUSDT, 2641.87, 0.008, 22:36:13, False
1739158573456, ETHUSDT, 2641.88, 0.163, 22:36:13, False
1739158573460, ETHUSDT, 2641.89, 0.261, 22:36:13, False
1739158573503, ETHUSDT, 2641.9, 0.088, 22:36:13, False
1739158573503, ETHUSDT, 2641.91, 0.016, 22:36:13, False
1739158573503, ETHUSDT, 2641.92, 0.008, 22:36:13, False
1739158573524, ETHUSDT, 2641.93, 0.016, 22:36:13, False
1739158573525, ETHUSDT, 2641.93, 2.95, 22:36:13, True
1739158573528, ETHUSDT, 2641.94, 0.061, 22:36:13, False
1739158573528, ETHUSDT, 2641.95, 0.008, 22:36:13, False
1739158573535, ETHUSDT, 2641.96, 4.174, 22:36:13, True
1739158573584, ETHUSDT, 2641.97, 0.116, 22:36:13, True
1739158573594, ETHUSDT, 2641.98, 0.008, 22:36:13, False
1739158573607, ETHUSDT, 2642.0, 1.011, 22:36:13, False
1739158573609, ETHUSDT, 2642.02, 0.084, 22:36:13, False
1739158573609, ETHUSDT, 2642.03, 0.011, 22:36:13, False
1739158573609, ETHUSDT, 2642.05, 0.024, 22:36:13, False
1739158573616, ETHUSDT, 2642.12, 0.516, 22:36:13, False
1739158573616, ETHUSDT, 2642.15, 0.011, 22:36:13, False
1739158573650, ETHUSDT, 2642.23, 0.037, 22:36:13, False
1739158573675, ETHUSDT, 2642.22, 0.011, 22:36:13, True
1739158573788, ETHUSDT, 2642.23, 0.134, 22:36:13, False
1739158573791, ETHUSDT, 2642.25, 0.204, 22:36:13, False
1739158573865, ETHUSDT, 2642.29, 1.373, 22:36:13, True
1739158573991, ETHUSDT, 2642.29, 5.155, 22:36:13, True
1739158574094, ETHUSDT, 2642.25, 0.021, 22:36:14, True
1739158574094, ETHUSDT, 2642.24, 4.709, 22:36:14, True
1739158574115, ETHUSDT,2033902514,2642.23,106.665,1739158574110,True
1739158574110, ETHUSDT, 2642.23, 106.665, 22:36:14, True
1739158574110, ETHUSDT, 2642.22, 7.222, 22:36:14, True
1739158574116, ETHUSDT,2033902515,2642.22,7.222,1739158574110,True
1739158574110, ETHUSDT, 2642.21, 0.008, 22:36:14, True
1739158574116, ETHUSDT,2033902520,2642.09,20.008,1739158574110,True
1739158574110, ETHUSDT, 2642.2, 0.01, 22:36:14, True
1739158574116, ETHUSDT,2033902523,2642.01,15.546,1739158574110,True
1739158574110, ETHUSDT, 2642.19, 0.008, 22:36:14, True
1739158574116, ETHUSDT,2033902524,2642.0,100.352,1739158574110,True
1739158574110, ETHUSDT, 2642.16, 0.016, 22:36:14, True
1739158574110, ETHUSDT, 2642.09, 20.008, 22:36:14, True
1739158574116, ETHUSDT,2033902527,2641.97,5.681,1739158574110,True
1739158574110, ETHUSDT, 2642.06, 0.078, 22:36:14, True
1739158574110, ETHUSDT, 2642.02, 0.018, 22:36:14, True
74110,True
1739158574110, ETHUSDT, 2642.01, 15.546, 22:36:14, True
1739158574110, ETHUSDT, 2642.0, 100.352, 22:36:14, True
1739158574110, ETHUSDT, 2641.99, 2.319, 22:36:14, True
1739158574110, ETHUSDT, 2641.98, 0.018, 22:36:14, True
1739158574110, ETHUSDT, 2641.97, 5.681, 22:36:14, True
1739158574110, ETHUSDT, 2641.95, 0.016, 22:36:14, True
1739158574110, ETHUSDT, 2641.93, 0.018, 22:36:14, True
1739158574110, ETHUSDT, 2641.92, 7.007, 22:36:14, True
1739158574110, ETHUSDT, 2641.91, 0.5, 22:36:14, True
1739158574110, ETHUSDT, 2641.9, 1.074, 22:36:14, True
1739158574120, ETHUSDT, 2641.88, 0.016, 22:36:14, True
1739158574120, ETHUSDT, 2641.87, 0.008, 22:36:14, True
1739158574120, ETHUSDT, 2641.85, 0.016, 22:36:14, True
1739158574120, ETHUSDT, 2641.84, 0.01, 22:36:14, True
1739158574120, ETHUSDT, 2641.82, 1.763, 22:36:14, True
1739158574120, ETHUSDT, 2641.81, 0.02, 22:36:14, True
1739158574120, ETHUSDT, 2641.8, 0.063, 22:36:14, True
1739158574225, ETHUSDT, 2641.8, 2.456, 22:36:14, True
1739158574242, ETHUSDT, 2641.79, 0.008, 22:36:14, True
1739158574242, ETHUSDT, 2641.77, 0.008, 22:36:14, True
1739158574242, ETHUSDT, 2641.74, 0.016, 22:36:14, True
1739158574242, ETHUSDT, 2641.71, 0.016, 22:36:14, True
1739158574242, ETHUSDT, 2641.69, 0.624, 22:36:14, True
1739158574242, ETHUSDT, 2641.63, 4.061, 22:36:14, True
1739158574325, ETHUSDT, 2641.61, 0.899, 22:36:14, False
1739158574385, ETHUSDT, 2641.6, 0.982, 22:36:14, True
1739158574385, ETHUSDT, 2641.57, 0.012, 22:36:14, True
1739158574396, ETHUSDT, 2641.51, 0.008, 22:36:14, True
1739158574396, ETHUSDT, 2641.5, 0.024, 22:36:14, True
1739158574396, ETHUSDT, 2641.48, 0.008, 22:36:14, True
1739158574396, ETHUSDT, 2641.47, 0.045, 22:36:14, True
1739158574396, ETHUSDT, 2641.46, 0.012, 22:36:14, True
1739158574396, ETHUSDT, 2641.42, 1.135, 22:36:14, True
1739158574396, ETHUSDT, 2641.41, 1.892, 22:36:14, True
1739158574396, ETHUSDT, 2641.4, 0.024, 22:36:14, True
1739158574403, ETHUSDT, 2641.37, 0.709, 22:36:14, True
1739158574403, ETHUSDT, 2641.36, 0.05, 22:36:14, True
1739158574403, ETHUSDT, 2641.35, 0.008, 22:36:14, True
1739158574447, ETHUSDT,2033902564,2641.2,8.051,1739158574443,True
1739158574443, ETHUSDT, 2641.29, 1.187, 22:36:14, True
1739158574443, ETHUSDT, 2641.27, 0.016, 22:36:14, True
1739158574443, ETHUSDT, 2641.22, 0.008, 22:36:14, True
1739158574443, ETHUSDT, 2641.2, 8.051, 22:36:14, True
1739158574443, ETHUSDT, 2641.19, 0.016, 22:36:14, True
1739158574443, ETHUSDT, 2641.16, 0.008, 22:36:14, True
1739158574443, ETHUSDT, 2641.14, 1.67, 22:36:14, True
1739158574479, ETHUSDT, 2641.15, 1.258, 22:36:14, False
1739158574561, ETHUSDT, 2641.14, 0.139, 22:36:14, True
1739158574603, ETHUSDT, 2641.15, 3.03, 22:36:14, False
1739158574632, ETHUSDT, 2641.33, 0.011, 22:36:14, False
1739158574642, ETHUSDT, 2641.4, 0.008, 22:36:14, False
1739158574643, ETHUSDT, 2641.43, 0.011, 22:36:14, False
1739158574689, ETHUSDT, 2641.6, 0.009, 22:36:14, False
1739158574894, ETHUSDT, 2641.59, 1.457, 22:36:14, True
1739158574910, ETHUSDT, 2641.46, 1.832, 22:36:14, False
1739158574960, ETHUSDT, 2641.45, 0.62, 22:36:14, True
1739158575043, ETHUSDT, 2641.4, 0.008, 22:36:15, True
1739158575043, ETHUSDT, 2641.29, 0.012, 22:36:15, True
1739158575043, ETHUSDT, 2641.28, 0.07, 22:36:15, True
1739158575043, ETHUSDT, 2641.27, 0.016, 22:36:15, True
1739158575043, ETHUSDT, 2641.25, 0.157, 22:36:15, True
1739158575043, ETHUSDT, 2641.21, 0.437, 22:36:15, True
1739158575043, ETHUSDT, 2641.2, 0.016, 22:36:15, True
1739158575082, ETHUSDT, 2641.13, 0.96, 22:36:15, False
1739158575130, ETHUSDT, 2641.12, 1.965, 22:36:15, True
1739158575159, ETHUSDT, 2641.13, 30.421, 22:36:15, False
1739158575159, ETHUSDT, 2641.15, 0.008, 22:36:15, False
1739158575162, ETHUSDT,2033902587,2641.13,30.421,1739158575159,False
1739158575159, ETHUSDT, 2641.16, 0.008, 22:36:15, False
1739158575159, ETHUSDT, 2641.18, 0.008, 22:36:15, False
1739158575159, ETHUSDT, 2641.19, 4.347, 22:36:15, False
1739158575159, ETHUSDT, 2641.21, 0.033, 22:36:15, False
1739158575159, ETHUSDT, 2641.23, 0.008, 22:36:15, False
1739158575159, ETHUSDT, 2641.26, 0.008, 22:36:15, False
1739158575159, ETHUSDT, 2641.27, 1.893, 22:36:15, False
1739158575159, ETHUSDT, 2641.3, 1.05, 22:36:15, False
1739158575159, ETHUSDT, 2641.31, 2.679, 22:36:15, False
1739158575159, ETHUSDT, 2641.32, 0.011, 22:36:15, False
1739158575159, ETHUSDT, 2641.34, 0.353, 22:36:15, False
1739158575159, ETHUSDT, 2641.36, 2.608, 22:36:15, False
1739158575159, ETHUSDT, 2641.38, 1.2, 22:36:15, False
1739158575159, ETHUSDT, 2641.4, 1.285, 22:36:15, False
1739158575159, ETHUSDT, 2641.41, 0.488, 22:36:15, False
1739158575159, ETHUSDT, 2641.42, 0.758, 22:36:15, False
1739158575159, ETHUSDT, 2641.44, 2.819, 22:36:15, False
1739158575159, ETHUSDT, 2641.46, 2.836, 22:36:15, False
1739158575159, ETHUSDT, 2641.47, 0.025, 22:36:15, False
1739158575159, ETHUSDT, 2641.49, 0.532, 22:36:15, False
1739158575159, ETHUSDT, 2641.5, 1.148, 22:36:15, False
1739158575159, ETHUSDT, 2641.52, 0.024, 22:36:15, False
1739158575159, ETHUSDT, 2641.57, 0.768, 22:36:15, False
1739158575159, ETHUSDT, 2641.59, 1.6, 22:36:15, False
1739158575175, ETHUSDT, 2641.59, 0.578, 22:36:15, True
1739158575299, ETHUSDT, 2641.59, 14.731, 22:36:15, True
1739158575319, ETHUSDT, 2641.53, 0.008, 22:36:15, True
1739158575323, ETHUSDT,2033902614,2641.59,14.731,1739158575299,True
1739158575319, ETHUSDT, 2641.51, 0.008, 22:36:15, True
1739158575319, ETHUSDT, 2641.48, 0.008, 22:36:15, True
1739158575319, ETHUSDT, 2641.46, 0.008, 22:36:15, True
1739158575319, ETHUSDT, 2641.43, 0.008, 22:36:15, True
1739158575319, ETHUSDT, 2641.4, 0.008, 22:36:15, True
1739158575319, ETHUSDT, 2641.3, 0.011, 22:36:15, True
1739158575319, ETHUSDT, 2641.29, 0.02, 22:36:15, True
1739158575319, ETHUSDT, 2641.28, 0.07, 22:36:15, True
1739158575319, ETHUSDT, 2641.27, 0.024, 22:36:15, True
1739158575319, ETHUSDT, 2641.23, 0.064, 22:36:15, True
1739158575343, ETHUSDT,2033902635,2641.07,7.962,1739158575337,True
1739158575337, ETHUSDT, 2641.22, 0.008, 22:36:15, True
1739158575337, ETHUSDT, 2641.2, 0.016, 22:36:15, True
1739158575337, ETHUSDT, 2641.17, 0.008, 22:36:15, True
1739158575337, ETHUSDT, 2641.16, 1.545, 22:36:15, True
1739158575337, ETHUSDT, 2641.13, 0.516, 22:36:15, True
1739158575337, ETHUSDT, 2641.12, 1.067, 22:36:15, True
1739158575337, ETHUSDT, 2641.1, 0.016, 22:36:15, True
1739158575337, ETHUSDT, 2641.09, 0.008, 22:36:15, True
1739158575337, ETHUSDT, 2641.08, 0.116, 22:36:15, True
1739158575337, ETHUSDT, 2641.07, 7.962, 22:36:15, True
1739158575337, ETHUSDT, 2641.06, 0.008, 22:36:15, True
1739158575337, ETHUSDT, 2641.04, 0.028, 22:36:15, True
1739158575337, ETHUSDT, 2641.03, 0.012, 22:36:15, True
1739158575337, ETHUSDT, 2641.02, 0.079, 22:36:15, True
1739158575337, ETHUSDT, 2641.01, 0.084, 22:36:15, True
1739158575337, ETHUSDT, 2641.0, 1.05, 22:36:15, True
1739158575337, ETHUSDT, 2640.99, 0.25, 22:36:15, True
1739158575337, ETHUSDT, 2640.98, 0.032, 22:36:15, True
1739158575337, ETHUSDT, 2640.95, 0.024, 22:36:15, True
1739158575337, ETHUSDT, 2640.94, 1.941, 22:36:15, True
1739158575366, ETHUSDT, 2641.02, 3.303, 22:36:15, False
1739158575422, ETHUSDT, 2641.01, 5.5, 22:36:15, True
1739158575527, ETHUSDT, 2641.01, 1.038, 22:36:15, True
1739158575527, ETHUSDT, 2640.98, 0.016, 22:36:15, True
1739158575527, ETHUSDT, 2640.96, 0.008, 22:36:15, True
1739158575527, ETHUSDT, 2640.94, 2.16, 22:36:15, True
1739158575527, ETHUSDT, 2640.93, 0.016, 22:36:15, True
1739158575527, ETHUSDT, 2640.9, 0.275, 22:36:15, True
1739158575527, ETHUSDT, 2640.88, 0.1, 22:36:15, True
1739158575527, ETHUSDT, 2640.87, 0.008, 22:36:15, True
1739158575527, ETHUSDT, 2640.84, 6.379, 22:36:15, True
75527,True
1739158575636, ETHUSDT, 2640.85, 0.019, 22:36:15, False
1739158575642, ETHUSDT, 2640.93, 0.011, 22:36:15, False
1739158575650, ETHUSDT, 2641.02, 0.008, 22:36:15, False
1739158575657, ETHUSDT, 2641.1, 0.016, 22:36:15, False
1739158575677, ETHUSDT, 2641.17, 1.136, 22:36:15, True
1739158575736, ETHUSDT, 2641.18, 1.266, 22:36:15, False
1739158575805, ETHUSDT, 2641.17, 0.385, 22:36:15, True
1739158575814, ETHUSDT, 2641.18, 0.021, 22:36:15, False
1739158575858, ETHUSDT,2033902665,2641.17,7.393,1739158575819,True
1739158575819, ETHUSDT, 2641.17, 7.393, 22:36:15, True
1739158575854, ETHUSDT, 2641.18, 1.596, 22:36:15, False
1739158575951, ETHUSDT, 2641.17, 1.282, 22:36:15, True
1739158575957, ETHUSDT, 2641.11, 0.008, 22:36:15, True
1739158575957, ETHUSDT, 2641.1, 0.016, 22:36:15, True
1739158576024, ETHUSDT, 2641.04, 0.008, 22:36:16, True
1739158576024, ETHUSDT, 2641.02, 0.008, 22:36:16, True
1739158576024, ETHUSDT, 2641.0, 0.008, 22:36:16, True
1739158576024, ETHUSDT, 2640.97, 0.008, 22:36:16, True
1739158576024, ETHUSDT, 2640.9, 0.008, 22:36:16, True
1739158576024, ETHUSDT, 2640.89, 0.008, 22:36:16, True
1739158576024, ETHUSDT, 2640.84, 0.326, 22:36:16, True
1739158576024, ETHUSDT, 2640.83, 0.75, 22:36:16, True
1739158576132, ETHUSDT, 2640.84, 0.215, 22:36:16, False
1739158576149, ETHUSDT, 2640.83, 0.168, 22:36:16, True
1739158576206, ETHUSDT, 2640.84, 0.011, 22:36:16, False
1739158576309, ETHUSDT, 2640.84, 0.038, 22:36:16, False
1739158576387, ETHUSDT, 2640.83, 0.377, 22:36:16, True
1739158576404, ETHUSDT, 2640.84, 0.725, 22:36:16, False
1739158576667, ETHUSDT, 2640.84, 0.038, 22:36:16, False
1739158576693, ETHUSDT, 2640.83, 43.19, 22:36:16, True
1739158576705, ETHUSDT,2033902685,2640.83,43.19,1739158576693,True
1739158576702, ETHUSDT, 2640.82, 0.043, 22:36:16, True
1739158576702, ETHUSDT, 2640.8, 0.035, 22:36:16, True
1739158576702, ETHUSDT, 2640.79, 0.05, 22:36:16, True
1739158576702, ETHUSDT, 2640.74, 0.016, 22:36:16, True
1739158576702, ETHUSDT, 2640.72, 2.924, 22:36:16, True
1739158576718, ETHUSDT, 2640.71, 2.545, 22:36:16, True
1739158576838, ETHUSDT, 2640.71, 0.25, 22:36:16, True
1739158576869, ETHUSDT, 2640.69, 0.016, 22:36:16, True
1739158576869, ETHUSDT, 2640.68, 0.723, 22:36:16, True
1739158576872, ETHUSDT, 2640.67, 0.18, 22:36:16, True
1739158576881, ETHUSDT, 2640.66, 0.008, 22:36:16, True
1739158576881, ETHUSDT, 2640.65, 0.02, 22:36:16, True
1739158576881, ETHUSDT, 2640.64, 0.008, 22:36:16, True
1739158576881, ETHUSDT, 2640.62, 0.024, 22:36:16, True
1739158576881, ETHUSDT, 2640.61, 0.016, 22:36:16, True
1739158576881, ETHUSDT, 2640.6, 0.008, 22:36:16, True
1739158576881, ETHUSDT, 2640.56, 0.016, 22:36:16, True
1739158576881, ETHUSDT, 2640.55, 0.008, 22:36:16, True
1739158576881, ETHUSDT, 2640.51, 0.02, 22:36:16, True
1739158576881, ETHUSDT, 2640.5, 1.12, 22:36:16, True
1739158576881, ETHUSDT, 2640.49, 0.594, 22:36:16, True
1739158576881, ETHUSDT, 2640.48, 0.024, 22:36:16, True
1739158576881, ETHUSDT, 2640.46, 3.734, 22:36:16, True
1739158576883, ETHUSDT, 2640.41, 0.024, 22:36:16, True
1739158576883, ETHUSDT, 2640.4, 0.024, 22:36:16, True
1739158576883, ETHUSDT, 2640.38, 0.008, 22:36:16, True
1739158576883, ETHUSDT, 2640.37, 0.008, 22:36:16, True
1739158576883, ETHUSDT, 2640.36, 0.01, 22:36:16, True
1739158576883, ETHUSDT, 2640.34, 0.008, 22:36:16, True
1739158576883, ETHUSDT, 2640.33, 0.068, 22:36:16, True
1739158576883, ETHUSDT, 2640.3, 0.45, 22:36:16, True
1739158576894, ETHUSDT, 2640.57, 2.85, 22:36:16, False
1739158576895, ETHUSDT, 2640.61, 4.762, 22:36:16, False
1739158576935, ETHUSDT, 2640.3, 9.697, 22:36:16, True
1739158576939, ETHUSDT,2033902719,2640.3,9.697,1739158576935,True
1739158576935, ETHUSDT, 2640.25, 0.036, 22:36:16, True
1739158576935, ETHUSDT, 2640.22, 1.136, 22:36:16, True
1739158576949, ETHUSDT, 2640.2, 0.016, 22:36:16, True
1739158576950, ETHUSDT, 2640.18, 0.016, 22:36:16, True
1739158576950, ETHUSDT, 2640.17, 0.008, 22:36:16, True
1739158576950, ETHUSDT, 2640.16, 0.041, 22:36:16, True
1739158576962, ETHUSDT, 2640.17, 0.01, 22:36:16, True
1739158576979, ETHUSDT, 2640.16, 0.245, 22:36:16, True
1739158577181, ETHUSDT, 2640.13, 0.047, 22:36:17, False
1739158577198, ETHUSDT, 2640.12, 0.038, 22:36:17, True
1739158577237, ETHUSDT, 2640.13, 0.037, 22:36:17, False
1739158577281, ETHUSDT, 2640.12, 1.136, 22:36:17, True
1739158577287, ETHUSDT, 2640.13, 0.127, 22:36:17, False
1739158577319, ETHUSDT, 2640.12, 1.306, 22:36:17, True
1739158577381, ETHUSDT, 2640.13, 9.508, 22:36:17, False
1739158577387, ETHUSDT,2033902734,2640.13,9.508,1739158577381,False
1739158577382, ETHUSDT, 2640.18, 0.109, 22:36:17, False
1739158577386, ETHUSDT, 2640.19, 0.016, 22:36:17, False
1739158577395, ETHUSDT, 2640.23, 0.054, 22:36:17, True
1739158577428, ETHUSDT, 2640.25, 0.356, 22:36:17, True
1739158577583, ETHUSDT, 2640.25, 0.054, 22:36:17, True
1739158577652, ETHUSDT, 2640.26, 0.268, 22:36:17, False
1739158577659, ETHUSDT, 2640.4, 0.051, 22:36:17, False
1739158577659, ETHUSDT, 2640.41, 2.557, 22:36:17, False
1739158577665, ETHUSDT, 2640.47, 0.016, 22:36:17, False
1739158577665, ETHUSDT, 2640.5, 0.011, 22:36:17, False
1739158577665, ETHUSDT, 2640.51, 0.016, 22:36:17, False
1739158577680, ETHUSDT, 2640.54, 0.024, 22:36:17, False
1739158577680, ETHUSDT, 2640.56, 0.008, 22:36:17, False
1739158577680, ETHUSDT, 2640.57, 0.15, 22:36:17, False
1739158577723, ETHUSDT, 2640.6, 0.018, 22:36:17, False
1739158577723, ETHUSDT, 2640.61, 0.016, 22:36:17, False
1739158577723, ETHUSDT, 2640.64, 2.299, 22:36:17, False
1739158577723, ETHUSDT, 2640.65, 0.011, 22:36:17, False
1739158577726, ETHUSDT, 2640.67, 0.163, 22:36:17, False
1739158577726, ETHUSDT, 2640.68, 0.034, 22:36:17, False
1739158577726, ETHUSDT, 2640.69, 0.008, 22:36:17, False
1739158577729, ETHUSDT, 2640.66, 2.547, 22:36:17, True
1739158577736, ETHUSDT, 2640.64, 0.8, 22:36:17, True
1739158577736, ETHUSDT, 2640.63, 2.496, 22:36:17, True
1739158577773, ETHUSDT, 2640.71, 0.084, 22:36:17, False
1739158577796, ETHUSDT,2033902760,2640.71,12.987,1739158577793,True
1739158577793, ETHUSDT, 2640.71, 12.987, 22:36:17, True
1739158577793, ETHUSDT, 2640.7, 12.159, 22:36:17, True
1739158577819, ETHUSDT,2033902761,2640.7,12.159,1739158577793,True
1739158577816, ETHUSDT, 2640.72, 0.016, 22:36:17, False
1739158577886, ETHUSDT, 2640.79, 0.008, 22:36:17, False
1739158577886, ETHUSDT, 2640.8, 0.016, 22:36:17, False
1739158577886, ETHUSDT, 2640.81, 0.024, 22:36:17, False
1739158577886, ETHUSDT, 2640.82, 0.024, 22:36:17, False
1739158577886, ETHUSDT, 2640.83, 0.206, 22:36:17, False
1739158577886, ETHUSDT, 2640.84, 0.014, 22:36:17, False
1739158577940, ETHUSDT, 2640.83, 10.172, 22:36:17, True
1739158577961, ETHUSDT,2033902769,2640.83,10.172,1739158577940,True
1739158577956, ETHUSDT, 2640.78, 0.145, 22:36:17, True
1739158577973, ETHUSDT, 2640.74, 0.008, 22:36:17, True
1739158577973, ETHUSDT, 2640.71, 0.014, 22:36:17, True
1739158577985, ETHUSDT, 2640.72, 0.038, 22:36:17, False
1739158577993, ETHUSDT, 2640.71, 0.241, 22:36:17, True
1739158578068, ETHUSDT, 2640.56, 0.094, 22:36:18, True
1739158578068, ETHUSDT, 2640.53, 0.008, 22:36:18, True
1739158578068, ETHUSDT, 2640.51, 0.016, 22:36:18, True
1739158578068, ETHUSDT, 2640.47, 0.011, 22:36:18, True
1739158578068, ETHUSDT, 2640.4, 0.032, 22:36:18, True
1739158578068, ETHUSDT, 2640.39, 0.016, 22:36:18, True
1739158578068, ETHUSDT, 2640.33, 0.016, 22:36:18, True
1739158578068, ETHUSDT, 2640.3, 1.378, 22:36:18, True
1739158578068, ETHUSDT, 2640.25, 1.164, 22:36:18, True
1739158578068, ETHUSDT, 2640.2, 1.068, 22:36:18, True
1739158578069, ETHUSDT, 2640.19, 1.997, 22:36:18, True
1739158578178, ETHUSDT, 2640.2, 0.001, 22:36:18, False
1739158578250, ETHUSDT, 2640.19, 0.304, 22:36:18, True
1739158578297, ETHUSDT, 2640.18, 0.338, 22:36:18, True
1739158578297, ETHUSDT, 2640.17, 0.016, 22:36:18, True
1739158578297, ETHUSDT, 2640.15, 0.008, 22:36:18, True
1739158578297, ETHUSDT, 2640.12, 0.262, 22:36:18, True
1739158578315, ETHUSDT, 2640.07, 0.016, 22:36:18, True
1739158578315, ETHUSDT, 2640.06, 0.008, 22:36:18, True
1739158578315, ETHUSDT, 2640.02, 0.013, 22:36:18, True
1739158578315, ETHUSDT, 2640.0, 0.251, 22:36:18, True
1739158578319, ETHUSDT, 2640.01, 0.638, 22:36:18, False
1739158578346, ETHUSDT, 2640.0, 0.01, 22:36:18, True
1739158578387, ETHUSDT, 2640.01, 1.05, 22:36:18, False
1739158578423, ETHUSDT, 2640.0, 2.072, 22:36:18, True
1739158578423, ETHUSDT, 2639.98, 0.02, 22:36:18, True
1739158578423, ETHUSDT, 2639.97, 0.016, 22:36:18, True
1739158578423, ETHUSDT, 2639.93, 0.099, 22:36:18, True
1739158578423, ETHUSDT, 2639.92, 0.01, 22:36:18, True
1739158578423, ETHUSDT, 2639.9, 1.05, 22:36:18, True
1739158578423, ETHUSDT, 2639.86, 0.008, 22:36:18, True
1739158578423, ETHUSDT, 2639.85, 0.02, 22:36:18, True
1739158578423, ETHUSDT, 2639.84, 0.016, 22:36:18, True
1739158578423, ETHUSDT, 2639.81, 1.909, 22:36:18, True
1739158578573, ETHUSDT, 2639.81, 0.468, 22:36:18, True
1739158578594, ETHUSDT, 2639.77, 0.01, 22:36:18, True
1739158578594, ETHUSDT, 2639.76, 0.027, 22:36:18, True
1739158578594, ETHUSDT, 2639.75, 0.016, 22:36:18, True
1739158578594, ETHUSDT, 2639.72, 0.017, 22:36:18, True
1739158578594, ETHUSDT, 2639.7, 0.016, 22:36:18, True
1739158578594, ETHUSDT, 2639.67, 0.016, 22:36:18, True
1739158578594, ETHUSDT, 2639.66, 0.192, 22:36:18, True
1739158578632, ETHUSDT, 2639.64, 0.378, 22:36:18, True
1739158578632, ETHUSDT, 2639.62, 0.086, 22:36:18, True
1739158578632, ETHUSDT, 2639.6, 0.021, 22:36:18, True
1739158578632, ETHUSDT, 2639.57, 0.204, 22:36:18, True
1739158578758, ETHUSDT, 2639.57, 0.352, 22:36:18, True
1739158578758, ETHUSDT, 2639.56, 0.008, 22:36:18, True
1739158578785, ETHUSDT, 2639.55, 0.033, 22:36:18, True
1739158578794, ETHUSDT, 2639.56, 0.248, 22:36:18, False
1739158578799, ETHUSDT, 2639.55, 4.277, 22:36:18, True
1739158578799, ETHUSDT, 2639.54, 0.07, 22:36:18, True
1739158578799, ETHUSDT, 2639.52, 0.008, 22:36:18, True
1739158578799, ETHUSDT, 2639.48, 0.008, 22:36:18, True
1739158578799, ETHUSDT, 2639.45, 0.012, 22:36:18, True
1739158578799, ETHUSDT, 2639.44, 0.016, 22:36:18, True
1739158578799, ETHUSDT, 2639.41, 0.6, 22:36:18, True
1739158578799, ETHUSDT, 2639.4, 0.008, 22:36:18, True
1739158578799, ETHUSDT, 2639.39, 0.564, 22:36:18, True
1739158578881, ETHUSDT, 2639.38, 0.024, 22:36:18, True
1739158578881, ETHUSDT, 2639.35, 0.008, 22:36:18, True
1739158578881, ETHUSDT, 2639.34, 0.963, 22:36:18, True
1739158578892, ETHUSDT, 2639.29, 0.038, 22:36:18, True
1739158578892, ETHUSDT, 2639.23, 0.591, 22:36:18, True
1739158578892, ETHUSDT, 2639.22, 0.018, 22:36:18, True
1739158578892, ETHUSDT, 2639.21, 0.012, 22:36:18, True
1739158578892, ETHUSDT, 2639.2, 0.016, 22:36:18, True
1739158578892, ETHUSDT, 2639.17, 0.024, 22:36:18, True
1739158578892, ETHUSDT, 2639.13, 0.081, 22:36:18, True
1739158578892, ETHUSDT, 2639.12, 1.908, 22:36:18, True
1739158578892, ETHUSDT, 2639.08, 0.008, 22:36:18, True
1739158578892, ETHUSDT, 2639.06, 0.015, 22:36:18, True
1739158578892, ETHUSDT, 2639.05, 0.035, 22:36:18, True
1739158578892, ETHUSDT, 2639.04, 0.016, 22:36:18, True
1739158578892, ETHUSDT, 2639.03, 0.01, 22:36:18, True
1739158578892, ETHUSDT, 2639.02, 1.137, 22:36:18, True
1739158578892, ETHUSDT, 2639.01, 3.791, 22:36:18, True
1739158578892, ETHUSDT, 2639.0, 1.093, 22:36:18, True
1739158579011, ETHUSDT, 2639.01, 0.103, 22:36:19, False
1739158579195, ETHUSDT, 2639.01, 0.049, 22:36:19, False
1739158579445, ETHUSDT, 2639.01, 1.219, 22:36:19, False
1739158579491, ETHUSDT, 2639.0, 0.063, 22:36:19, True
1739158579615, ETHUSDT, 2639.0, 0.345, 22:36:19, True
1739158579730, ETHUSDT, 2639.0, 0.25, 22:36:19, True
1739158579887, ETHUSDT, 2639.0, 0.041, 22:36:19, True
1739158580035, ETHUSDT, 2639.0, 15.887, 22:36:20, True
1739158580050, ETHUSDT,2033902860,2639.0,15.887,1739158580035,True
1739158580047, ETHUSDT, 2638.95, 0.008, 22:36:20, True
1739158580047, ETHUSDT, 2638.94, 0.008, 22:36:20, True
1739158580047, ETHUSDT, 2638.92, 0.012, 22:36:20, True
1739158580047, ETHUSDT, 2638.91, 0.417, 22:36:20, True
1739158580050, ETHUSDT, 2638.89, 0.008, 22:36:20, True
1739158580050, ETHUSDT, 2638.87, 1.514, 22:36:20, True
1739158580051, ETHUSDT, 2638.86, 1.894, 22:36:20, True
1739158580051, ETHUSDT, 2638.83, 1.205, 22:36:20, True
1739158580051, ETHUSDT, 2638.82, 0.331, 22:36:20, True
1739158580131, ETHUSDT, 2638.81, 0.026, 22:36:20, True
1739158580186, ETHUSDT, 2638.82, 1.342, 22:36:20, False
1739158580498, ETHUSDT, 2638.81, 1.498, 22:36:20, True
1739158580758, ETHUSDT, 2638.82, 0.001, 22:36:20, False
1739158580776, ETHUSDT, 2638.81, 11.172, 22:36:20, True
1739158580783, ETHUSDT,2033902874,2638.81,11.172,1739158580776,True
1739158580778, ETHUSDT, 2638.8, 0.01, 22:36:20, True
1739158580778, ETHUSDT, 2638.79, 0.02, 22:36:20, True
1739158580779, ETHUSDT, 2638.78, 0.008, 22:36:20, True
1739158580787, ETHUSDT, 2638.75, 0.013, 22:36:20, True
1739158580787, ETHUSDT, 2638.74, 0.01, 22:36:20, True
1739158580787, ETHUSDT, 2638.69, 3.269, 22:36:20, True
1739158580851, ETHUSDT, 2638.64, 0.018, 22:36:20, True
1739158580915, ETHUSDT, 2638.63, 1.807, 22:36:20, True
1739158580960, ETHUSDT, 2638.62, 0.001, 22:36:20, True
1739158580962, ETHUSDT, 2638.58, 0.944, 22:36:20, True
1739158580963, ETHUSDT, 2638.56, 0.01, 22:36:20, True
1739158580963, ETHUSDT, 2638.55, 0.009, 22:36:20, True
1739158580963, ETHUSDT, 2638.54, 0.002, 22:36:20, True
1739158580963, ETHUSDT, 2638.53, 0.003, 22:36:20, True
1739158580963, ETHUSDT, 2638.52, 0.024, 22:36:20, True
1739158580963, ETHUSDT, 2638.51, 0.012, 22:36:20, True
1739158580963, ETHUSDT, 2638.48, 0.01, 22:36:20, True
1739158580963, ETHUSDT, 2638.47, 0.161, 22:36:20, True
1739158580963, ETHUSDT, 2638.46, 0.019, 22:36:20, True
1739158580963, ETHUSDT, 2638.45, 0.008, 22:36:20, True
1739158580963, ETHUSDT, 2638.44, 0.024, 22:36:20, True
1739158580963, ETHUSDT, 2638.43, 0.016, 22:36:20, True
1739158580963, ETHUSDT, 2638.42, 0.041, 22:36:20, True
1739158580963, ETHUSDT, 2638.41, 0.024, 22:36:20, True
1739158580963, ETHUSDT, 2638.4, 0.026, 22:36:20, True
1739158580963, ETHUSDT, 2638.39, 0.049, 22:36:20, True
1739158580963, ETHUSDT, 2638.38, 0.293, 22:36:20, True
1739158581056, ETHUSDT, 2638.37, 0.273, 22:36:21, True
1739158581056, ETHUSDT, 2638.36, 0.21, 22:36:21, True
1739158581056, ETHUSDT, 2638.33, 0.003, 22:36:21, True
1739158581056, ETHUSDT, 2638.32, 0.018, 22:36:21, True
1739158581056, ETHUSDT, 2638.3, 0.016, 22:36:21, True
1739158581056, ETHUSDT, 2638.27, 0.001, 22:36:21, True
1739158581056, ETHUSDT, 2638.26, 0.059, 22:36:21, True
1739158581056, ETHUSDT, 2638.25, 0.025, 22:36:21, True
1739158581056, ETHUSDT, 2638.24, 0.008, 22:36:21, True
1739158581056, ETHUSDT, 2638.21, 1.132, 22:36:21, True
1739158581157, ETHUSDT, 2638.21, 2.826, 22:36:21, True
1739158581280, ETHUSDT, 2638.21, 0.035, 22:36:21, True
1739158581392, ETHUSDT, 2638.21, 0.109, 22:36:21, True
1739158581544, ETHUSDT, 2638.22, 33.785, 22:36:21, False
1739158581553, ETHUSDT,2033902915,2638.22,33.785,1739158581544,False
1739158581548, ETHUSDT, 2638.27, 0.109, 22:36:21, False
1739158581548, ETHUSDT, 2638.28, 0.016, 22:36:21, False
1739158581548, ETHUSDT, 2638.3, 0.016, 22:36:21, False
1739158581555, ETHUSDT, 2638.35, 0.016, 22:36:21, False
1739158581555, ETHUSDT, 2638.37, 0.008, 22:36:21, False
1739158581555, ETHUSDT, 2638.4, 0.008, 22:36:21, False
1739158581555, ETHUSDT, 2638.42, 0.026, 22:36:21, False
1739158581555, ETHUSDT, 2638.48, 0.008, 22:36:21, False
1739158581555, ETHUSDT, 2638.49, 0.016, 22:36:21, False
1739158581555, ETHUSDT, 2638.5, 0.019, 22:36:21, False
1739158581628, ETHUSDT,2033902926,2638.54,8.507,1739158581591,True
1739158581591, ETHUSDT, 2638.54, 8.507, 22:36:21, True
1739158581625, ETHUSDT, 2638.56, 0.016, 22:36:21, False
1739158581625, ETHUSDT, 2638.58, 0.011, 22:36:21, False
1739158581628, ETHUSDT, 2638.59, 0.113, 22:36:21, True
1739158581632, ETHUSDT, 2638.6, 0.008, 22:36:21, False
1739158581632, ETHUSDT, 2638.61, 0.008, 22:36:21, False
1739158581632, ETHUSDT, 2638.63, 0.024, 22:36:21, False
1739158581635, ETHUSDT, 2638.7, 0.026, 22:36:21, False
1739158581635, ETHUSDT, 2638.71, 0.016, 22:36:21, False
1739158581635, ETHUSDT, 2638.72, 0.4, 22:36:21, False
1739158581635, ETHUSDT, 2638.74, 0.008, 22:36:21, False
1739158581635, ETHUSDT, 2638.76, 0.7, 22:36:21, False
1739158581635, ETHUSDT, 2638.77, 0.032, 22:36:21, False
1739158581638, ETHUSDT, 2638.67, 0.01, 22:36:21, True
1739158581662, ETHUSDT, 2638.75, 1.0, 22:36:21, True
1739158581689, ETHUSDT, 2638.78, 0.01, 22:36:21, True
1739158581693, ETHUSDT, 2638.79, 0.011, 22:36:21, False
1739158581693, ETHUSDT, 2638.8, 0.084, 22:36:21, False
1739158581720, ETHUSDT, 2638.81, 0.242, 22:36:21, False
1739158581872, ETHUSDT, 2638.81, 0.035, 22:36:21, False
1739158581964, ETHUSDT, 2638.8, 21.264, 22:36:21, True
1739158582066, ETHUSDT,2033902946,2638.8,21.264,1739158581964,True
1739158582063, ETHUSDT, 2638.78, 0.392, 22:36:22, True
1739158582065, ETHUSDT, 2638.74, 0.008, 22:36:22, True
1739158582065, ETHUSDT, 2638.73, 0.134, 22:36:22, True
1739158582076, ETHUSDT, 2638.67, 0.008, 22:36:22, True
1739158582116, ETHUSDT, 2638.6, 0.6, 22:36:22, True
1739158582461, ETHUSDT, 2638.51, 0.149, 22:36:22, False
1739158582475, ETHUSDT, 2638.5, 1.293, 22:36:22, True
1739158582546, ETHUSDT, 2638.47, 0.016, 22:36:22, True
1739158582546, ETHUSDT, 2638.41, 0.011, 22:36:22, True
1739158582597, ETHUSDT, 2638.37, 0.011, 22:36:22, True
1739158582597, ETHUSDT, 2638.36, 0.016, 22:36:22, True
1739158582597, ETHUSDT, 2638.32, 0.008, 22:36:22, True
1739158582605, ETHUSDT, 2638.3, 0.032, 22:36:22, True
1739158582605, ETHUSDT, 2638.25, 0.015, 22:36:22, True
1739158582685, ETHUSDT, 2638.21, 0.01, 22:36:22, True
1739158582717, ETHUSDT, 2638.22, 0.2, 22:36:22, False
1739158582772, ETHUSDT,2033902963,2638.21,7.852,1739158582737,True
1739158582737, ETHUSDT, 2638.21, 7.852, 22:36:22, True
1739158582767, ETHUSDT, 2638.2, 0.047, 22:36:22, True
1739158582767, ETHUSDT, 2638.19, 0.008, 22:36:22, True
1739158582767, ETHUSDT, 2638.18, 0.019, 22:36:22, True
1739158582767, ETHUSDT, 2638.17, 0.012, 22:36:22, True
1739158582767, ETHUSDT, 2638.15, 0.012, 22:36:22, True
1739158582767, ETHUSDT, 2638.14, 0.029, 22:36:22, True
1739158582767, ETHUSDT, 2638.12, 0.01, 22:36:22, True
1739158582767, ETHUSDT, 2638.11, 2.242, 22:36:22, True
1739158582874, ETHUSDT, 2638.11, 1.89, 22:36:22, True
1739158582874, ETHUSDT, 2638.1, 0.061, 22:36:22, True
1739158582903, ETHUSDT, 2638.1, 0.039, 22:36:22, False
1739158582928, ETHUSDT, 2638.09, 0.564, 22:36:22, True
1739158582990, ETHUSDT, 2638.08, 0.002, 22:36:22, True
1739158582990, ETHUSDT, 2638.07, 0.003, 22:36:22, True
1739158582993, ETHUSDT, 2638.05, 0.002, 22:36:22, True
1739158582993, ETHUSDT, 2638.04, 0.006, 22:36:22, True
1739158583005, ETHUSDT, 2638.01, 0.724, 22:36:23, True
1739158583013, ETHUSDT, 2638.0, 1.043, 22:36:23, True
1739158583039, ETHUSDT, 2637.98, 0.007, 22:36:23, True
1739158583039, ETHUSDT, 2637.96, 0.358, 22:36:23, True
1739158583040, ETHUSDT, 2637.95, 0.004, 22:36:23, True
1739158583040, ETHUSDT, 2637.91, 0.039, 22:36:23, True
1739158583040, ETHUSDT, 2637.9, 0.008, 22:36:23, True
1739158583040, ETHUSDT, 2637.89, 0.008, 22:36:23, True
1739158583040, ETHUSDT, 2637.88, 0.018, 22:36:23, True
1739158583040, ETHUSDT, 2637.86, 0.039, 22:36:23, True
1739158583040, ETHUSDT, 2637.83, 0.05, 22:36:23, True
1739158583040, ETHUSDT, 2637.82, 0.018, 22:36:23, True
1739158583040, ETHUSDT, 2637.81, 0.016, 22:36:23, True
1739158583040, ETHUSDT, 2637.8, 0.011, 22:36:23, True
1739158583040, ETHUSDT, 2637.78, 0.114, 22:36:23, True
1739158583154, ETHUSDT, 2637.78, 0.212, 22:36:23, True
1739158583318, ETHUSDT, 2637.79, 3.062, 22:36:23, False
1739158583318, ETHUSDT, 2637.82, 0.008, 22:36:23, False
1739158583326, ETHUSDT, 2637.97, 0.386, 22:36:23, False
1739158583332, ETHUSDT, 2638.0, 0.008, 22:36:23, False
1739158583358, ETHUSDT, 2638.03, 0.011, 22:36:23, False
1739158583358, ETHUSDT, 2638.04, 0.011, 22:36:23, False
1739158583380, ETHUSDT,2033903002,2638.1,8.242,1739158583372,False
1739158583372, ETHUSDT, 2638.1, 8.242, 22:36:23, False
1739158583376, ETHUSDT, 2638.17, 0.028, 22:36:23, False
1739158583376, ETHUSDT, 2638.2, 0.008, 22:36:23, False
1739158583376, ETHUSDT, 2638.22, 0.08, 22:36:23, False
1739158583394, ETHUSDT, 2638.25, 0.016, 22:36:23, False
1739158583394, ETHUSDT, 2638.26, 0.108, 22:36:23, False
1739158583394, ETHUSDT, 2638.3, 0.016, 22:36:23, False
1739158583395, ETHUSDT, 2638.32, 0.07, 22:36:23, False
1739158583395, ETHUSDT, 2638.35, 0.024, 22:36:23, False
1739158583425, ETHUSDT, 2638.37, 0.1, 22:36:23, False
1739158583425, ETHUSDT, 2638.39, 0.018, 22:36:23, False
1739158583425, ETHUSDT, 2638.4, 0.024, 22:36:23, False
1739158583425, ETHUSDT, 2638.42, 0.008, 22:36:23, False
1739158583425, ETHUSDT, 2638.43, 0.019, 22:36:23, False
1739158583425, ETHUSDT, 2638.45, 0.024, 22:36:23, False
1739158583458, ETHUSDT, 2638.45, 2.4, 22:36:23, True
1739158583481, ETHUSDT, 2638.46, 0.011, 22:36:23, False
1739158583481, ETHUSDT, 2638.47, 0.008, 22:36:23, False
1739158583481, ETHUSDT, 2638.48, 0.008, 22:36:23, False
1739158583481, ETHUSDT, 2638.5, 0.008, 22:36:23, False
1739158583484, ETHUSDT, 2638.51, 2.547, 22:36:23, False
1739158583506, ETHUSDT, 2638.5, 0.009, 22:36:23, True
1739158583607, ETHUSDT, 2638.5, 0.276, 22:36:23, True
1739158583640, ETHUSDT, 2638.51, 0.186, 22:36:23, False
1739158583734, ETHUSDT, 2638.5, 0.864, 22:36:23, True
1739158583855, ETHUSDT,2033903027,2638.51,17.287,1739158583850,False
1739158583850, ETHUSDT, 2638.51, 17.287, 22:36:23, False
1739158583850, ETHUSDT, 2638.52, 0.032, 22:36:23, False
1739158583852, ETHUSDT, 2638.56, 0.109, 22:36:23, False
1739158583852, ETHUSDT, 2638.57, 0.008, 22:36:23, False
1739158583855, ETHUSDT, 2638.59, 0.016, 22:36:23, False
1739158583870, ETHUSDT, 2638.6, 1.65, 22:36:23, True
1739158583872, ETHUSDT, 2638.62, 0.093, 22:36:23, True
1739158583936, ETHUSDT, 2638.63, 0.335, 22:36:23, True
1739158584063, ETHUSDT, 2638.63, 0.189, 22:36:24, True
1739158584073, ETHUSDT, 2638.64, 0.013, 22:36:24, False
1739158584139, ETHUSDT, 2638.63, 0.661, 22:36:24, True
1739158584296, ETHUSDT, 2638.63, 0.212, 22:36:24, True
1739158584349, ETHUSDT, 2638.64, 0.008, 22:36:24, False
1739158584420, ETHUSDT, 2638.63, 0.05, 22:36:24, True
1739158584458, ETHUSDT, 2638.64, 0.002, 22:36:24, False
1739158584538, ETHUSDT, 2638.63, 0.82, 22:36:24, True
1739158584731, ETHUSDT,2033903043,2638.63,48.447,1739158584721,True
1739158584721, ETHUSDT, 2638.63, 48.447, 22:36:24, True
1739158584726, ETHUSDT, 2638.57, 0.008, 22:36:24, True
1739158584726, ETHUSDT, 2638.56, 0.011, 22:36:24, True
1739158584747, ETHUSDT, 2638.55, 2.407, 22:36:24, True
1739158584855, ETHUSDT, 2638.36, 0.061, 22:36:24, True
1739158584855, ETHUSDT, 2638.35, 0.016, 22:36:24, True
1739158584855, ETHUSDT, 2638.33, 0.008, 22:36:24, True
1739158584855, ETHUSDT, 2638.3, 0.04, 22:36:24, True
1739158584855, ETHUSDT, 2638.26, 0.04, 22:36:24, True
1739158584855, ETHUSDT, 2638.23, 0.008, 22:36:24, True
1739158584855, ETHUSDT, 2638.22, 0.008, 22:36:24, True
1739158584855, ETHUSDT, 2638.2, 0.008, 22:36:24, True
1739158584855, ETHUSDT, 2638.18, 0.016, 22:36:24, True
1739158584855, ETHUSDT, 2638.17, 0.012, 22:36:24, True
1739158584855, ETHUSDT, 2638.16, 0.008, 22:36:24, True
1739158584855, ETHUSDT, 2638.12, 3.302, 22:36:24, True
1739158584856, ETHUSDT, 2638.11, 0.012, 22:36:24, True
1739158584856, ETHUSDT, 2638.1, 2.745, 22:36:24, True
1739158584913, ETHUSDT,2033903062,2638.08,7.359,1739158584904,True
1739158584880, ETHUSDT, 2638.09, 1.375, 22:36:24, True
1739158584904, ETHUSDT, 2638.08, 7.359, 22:36:24, True
1739158584908, ETHUSDT, 2638.07, 0.011, 22:36:24, True
1739158584908, ETHUSDT, 2638.04, 0.016, 22:36:24, True
1739158584908, ETHUSDT, 2638.0, 0.016, 22:36:24, True
1739158584937, ETHUSDT, 2637.95, 0.008, 22:36:24, True
1739158584937, ETHUSDT, 2637.88, 0.008, 22:36:24, True
1739158584937, ETHUSDT, 2637.86, 0.028, 22:36:24, True
1739158584937, ETHUSDT, 2637.84, 2.278, 22:36:24, True
1739158585088, ETHUSDT, 2637.83, 0.072, 22:36:25, True
1739158585126, ETHUSDT, 2637.84, 0.33, 22:36:25, False
1739158585151, ETHUSDT, 2637.83, 12.518, 22:36:25, True
1739158585154, ETHUSDT,2033903072,2637.83,12.518,1739158585151,True
1739158585151, ETHUSDT, 2637.8, 0.008, 22:36:25, True
1739158585151, ETHUSDT, 2637.79, 0.364, 22:36:25, True
1739158585151, ETHUSDT, 2637.78, 0.082, 22:36:25, True
1739158585151, ETHUSDT, 2637.77, 0.085, 22:36:25, True
1739158585151, ETHUSDT, 2637.76, 0.016, 22:36:25, True
1739158585151, ETHUSDT, 2637.75, 0.008, 22:36:25, True
1739158585151, ETHUSDT, 2637.74, 0.002, 22:36:25, True
1739158585151, ETHUSDT, 2637.73, 0.008, 22:36:25, True
1739158585151, ETHUSDT, 2637.72, 0.029, 22:36:25, True
1739158585151, ETHUSDT, 2637.71, 0.655, 22:36:25, True
1739158585151, ETHUSDT, 2637.7, 1.105, 22:36:25, True
1739158585155, ETHUSDT, 2637.67, 0.04, 22:36:25, True
1739158585155, ETHUSDT, 2637.66, 0.052, 22:36:25, True
1739158585155, ETHUSDT, 2637.64, 0.008, 22:36:25, True
1739158585155, ETHUSDT, 2637.63, 0.001, 22:36:25, True
1739158585165, ETHUSDT, 2637.64, 10.175, 22:36:25, False
1739158585169, ETHUSDT,2033903088,2637.64,10.175,1739158585165,False
1739158585166, ETHUSDT, 2637.65, 1.725, 22:36:25, False
1739158585168, ETHUSDT, 2637.67, 1.725, 22:36:25, False
1739158585173, ETHUSDT, 2637.72, 3.123, 22:36:25, False
1739158585183, ETHUSDT, 2637.78, 0.011, 22:36:25, False
1739158585254, ETHUSDT, 2637.83, 2.042, 22:36:25, True
1739158585564, ETHUSDT, 2637.83, 1.387, 22:36:25, True
1739158585672, ETHUSDT, 2637.83, 0.961, 22:36:25, True
1739158585699, ETHUSDT, 2637.84, 7.867, 22:36:25, False
1739158585700, ETHUSDT, 2637.85, 2.375, 22:36:25, False
1739158585704, ETHUSDT,2033903096,2637.84,7.867,1739158585699,False
1739158585700, ETHUSDT, 2637.86, 0.012, 22:36:25, False
1739158585702, ETHUSDT, 2637.9, 0.008, 22:36:25, False
1739158585714, ETHUSDT, 2637.92, 1.0, 22:36:25, False
1739158585751, ETHUSDT, 2637.97, 0.019, 22:36:25, False
1739158585764, ETHUSDT, 2637.99, 0.008, 22:36:25, False
1739158585764, ETHUSDT, 2638.0, 0.024, 22:36:25, False
1739158585764, ETHUSDT, 2638.02, 0.01, 22:36:25, False
1739158585765, ETHUSDT, 2638.03, 0.008, 22:36:25, False
1739158585765, ETHUSDT, 2638.04, 0.008, 22:36:25, False
1739158585765, ETHUSDT, 2638.05, 0.008, 22:36:25, False
1739158585765, ETHUSDT, 2638.06, 0.011, 22:36:25, False
1739158585765, ETHUSDT, 2638.08, 0.008, 22:36:25, False
1739158585765, ETHUSDT, 2638.11, 0.016, 22:36:25, False
1739158585765, ETHUSDT, 2638.13, 0.016, 22:36:25, False
1739158585765, ETHUSDT, 2638.16, 0.008, 22:36:25, False
1739158585765, ETHUSDT, 2638.18, 0.032, 22:36:25, False
1739158585765, ETHUSDT, 2638.19, 0.008, 22:36:25, False
1739158585765, ETHUSDT, 2638.2, 0.008, 22:36:25, False
1739158585765, ETHUSDT, 2638.21, 0.008, 22:36:25, False
1739158585765, ETHUSDT, 2638.22, 0.008, 22:36:25, False
1739158585765, ETHUSDT, 2638.24, 0.008, 22:36:25, False
1739158585765, ETHUSDT, 2638.25, 0.018, 22:36:25, False
1739158585765, ETHUSDT, 2638.26, 0.041, 22:36:25, False
1739158585878, ETHUSDT, 2638.25, 1.233, 22:36:25, True
1739158585878, ETHUSDT, 2638.24, 0.011, 22:36:25, True
1739158585881, ETHUSDT, 2638.22, 1.067, 22:36:25, True
1739158585915, ETHUSDT, 2638.0, 0.011, 22:36:25, True
1739158585920, ETHUSDT, 2637.94, 0.128, 22:36:25, True
1739158585920, ETHUSDT, 2637.91, 0.016, 22:36:25, True
1739158585920, ETHUSDT, 2637.84, 0.011, 22:36:25, True
1739158585920, ETHUSDT, 2637.83, 1.845, 22:36:25, True
1739158585985, ETHUSDT, 2637.84, 0.031, 22:36:25, False
1739158586039, ETHUSDT, 2637.83, 1.318, 22:36:26, True
1739158586042, ETHUSDT, 2637.8, 0.011, 22:36:26, True
1739158586042, ETHUSDT, 2637.78, 0.016, 22:36:26, True
1739158586042, ETHUSDT, 2637.76, 0.008, 22:36:26, True
1739158586042, ETHUSDT, 2637.73, 1.654, 22:36:26, True
1739158586042, ETHUSDT, 2637.71, 0.016, 22:36:26, True
1739158586088, ETHUSDT, 2637.7, 0.016, 22:36:26, True
1739158586088, ETHUSDT, 2637.67, 0.019, 22:36:26, True
1739158586088, ETHUSDT, 2637.64, 0.008, 22:36:26, True
1739158586088, ETHUSDT, 2637.63, 0.258, 22:36:26, True
1739158586088, ETHUSDT, 2637.6, 0.052, 22:36:26, True
1739158586088, ETHUSDT, 2637.59, 0.111, 22:36:26, True
1739158586088, ETHUSDT, 2637.58, 0.051, 22:36:26, True
1739158586159, ETHUSDT,2033903143,2637.59,14.835,1739158586154,False
1739158586154, ETHUSDT, 2637.59, 14.835, 22:36:26, False
1739158586156, ETHUSDT, 2637.6, 0.016, 22:36:26, False
1739158586169, ETHUSDT, 2637.65, 0.01, 22:36:26, False
1739158586178, ETHUSDT, 2637.67, 0.083, 22:36:26, True
1739158586192, ETHUSDT, 2637.69, 0.016, 22:36:26, False
1739158586195, ETHUSDT, 2637.76, 0.008, 22:36:26, False
1739158586195, ETHUSDT, 2637.79, 0.008, 22:36:26, False
1739158586195, ETHUSDT, 2637.8, 0.006, 22:36:26, False
1739158586224, ETHUSDT, 2637.82, 0.746, 22:36:26, False
1739158586272, ETHUSDT, 2637.81, 0.654, 22:36:26, True
1739158586306, ETHUSDT, 2637.82, 0.841, 22:36:26, False
1739158586306, ETHUSDT, 2637.84, 0.625, 22:36:26, False
1739158586306, ETHUSDT, 2637.87, 0.008, 22:36:26, False
1739158586306, ETHUSDT, 2637.9, 0.008, 22:36:26, False
1739158586306, ETHUSDT, 2637.92, 0.008, 22:36:26, False
1739158586306, ETHUSDT, 2637.95, 0.008, 22:36:26, False
1739158586306, ETHUSDT, 2637.96, 0.008, 22:36:26, False
1739158586306, ETHUSDT, 2637.97, 0.008, 22:36:26, False
1739158586306, ETHUSDT, 2638.0, 0.368, 22:36:26, False
1739158586306, ETHUSDT, 2638.03, 0.02, 22:36:26, False
1739158586306, ETHUSDT, 2638.05, 0.008, 22:36:26, False
1739158586306, ETHUSDT, 2638.06, 0.07, 22:36:26, False
1739158586306, ETHUSDT, 2638.08, 0.016, 22:36:26, False
1739158586306, ETHUSDT, 2638.09, 0.016, 22:36:26, False
1739158586306, ETHUSDT, 2638.1, 1.05, 22:36:26, False
1739158586306, ETHUSDT, 2638.11, 0.008, 22:36:26, False
1739158586306, ETHUSDT, 2638.13, 0.008, 22:36:26, False
1739158586306, ETHUSDT, 2638.16, 0.021, 22:36:26, False
1739158586306, ETHUSDT, 2638.17, 0.016, 22:36:26, False
1739158586306, ETHUSDT, 2638.19, 0.448, 22:36:26, False
1739158586357, ETHUSDT, 2638.18, 0.01, 22:36:26, True
1739158586367, ETHUSDT, 2638.14, 0.056, 22:36:26, False
1739158586370, ETHUSDT, 2638.13, 0.511, 22:36:26, True
1739158586501, ETHUSDT, 2638.14, 11.069, 22:36:26, False
1739158586591, ETHUSDT,2033903176,2638.14,11.069,1739158586501,False
1739158586587, ETHUSDT, 2638.16, 0.008, 22:36:26, False
1739158586587, ETHUSDT, 2638.22, 0.008, 22:36:26, False
1739158586591, ETHUSDT,2033903182,2638.33,14.142,1739158586587,False
1739158586587, ETHUSDT, 2638.29, 0.028, 22:36:26, False
1739158586587, ETHUSDT, 2638.3, 0.111, 22:36:26, False
1739158586592, ETHUSDT,2033903185,2638.36,7.297,1739158586587,False
1739158586587, ETHUSDT, 2638.32, 2.941, 22:36:26, False
1739158586587, ETHUSDT, 2638.33, 14.142, 22:36:26, False
1739158586587, ETHUSDT, 2638.34, 0.01, 22:36:26, False
1739158586587, ETHUSDT, 2638.35, 3.801, 22:36:26, False
1739158586587, ETHUSDT, 2638.36, 7.297, 22:36:26, False
1739158586587, ETHUSDT, 2638.37, 12.795, 22:36:26, False
1739158586627, ETHUSDT,2033903186,2638.37,12.795,1739158586587,False
1739158586623, ETHUSDT, 2638.35, 1.576, 22:36:26, True
1739158586732, ETHUSDT, 2638.3, 0.151, 22:36:26, True
1739158586751, ETHUSDT, 2638.21, 0.079, 22:36:26, False
1739158586863, ETHUSDT, 2638.2, 2.666, 22:36:26, True
1739158586938, ETHUSDT, 2638.14, 0.021, 22:36:26, True
1739158586978, ETHUSDT,2033903192,2638.13,14.606,1739158586951,True
1739158586968, ETHUSDT, 2638.07, 2.52, 22:36:26, True
1739158587060, ETHUSDT, 2638.06, 0.372, 22:36:27, True
1739158587084, ETHUSDT, 2638.07, 7.582, 22:36:27, False
1739158587239, ETHUSDT,2033903195,2638.07,7.582,1739158587084,False
1739158587303, ETHUSDT, 2638.06, 1.75, 22:36:27, True
1739158587332, ETHUSDT, 2638.04, 0.016, 22:36:27, True
1739158587332, ETHUSDT, 2638.03, 0.016, 22:36:27, True
1739158587332, ETHUSDT, 2638.01, 0.008, 22:36:27, True
1739158587332, ETHUSDT, 2638.0, 0.024, 22:36:27, True
1739158587332, ETHUSDT, 2637.98, 0.008, 22:36:27, True
1739158587332, ETHUSDT, 2637.96, 0.008, 22:36:27, True
1739158587332, ETHUSDT, 2637.95, 0.016, 22:36:27, True
1739158587332, ETHUSDT, 2637.93, 0.016, 22:36:27, True
1739158587332, ETHUSDT, 2637.91, 0.016, 22:36:27, True
1739158587332, ETHUSDT, 2637.9, 0.59, 22:36:27, True
1739158587373, ETHUSDT, 2637.86, 0.01, 22:36:27, True
1739158587405, ETHUSDT, 2637.87, 0.389, 22:36:27, False
1739158587470, ETHUSDT, 2637.86, 0.05, 22:36:27, True
1739158587486, ETHUSDT, 2637.84, 0.001, 22:36:27, False
1739158587533, ETHUSDT, 2637.83, 6.73, 22:36:27, True
1739158587624, ETHUSDT,2033903211,2637.83,6.73,1739158587533,True
1739158587620, ETHUSDT, 2637.84, 0.069, 22:36:27, False
1739158587627, ETHUSDT, 2637.86, 0.094, 22:36:27, True
1739158587692, ETHUSDT, 2637.87, 0.053, 22:36:27, False
1739158587692, ETHUSDT, 2637.92, 0.011, 22:36:27, False
1739158587695, ETHUSDT, 2638.06, 1.224, 22:36:27, False
1739158587697, ETHUSDT, 2638.07, 0.131, 22:36:27, False
1739158587702, ETHUSDT, 2638.08, 0.021, 22:36:27, False
1739158587702, ETHUSDT, 2638.09, 0.008, 22:36:27, False
1739158587806, ETHUSDT, 2638.16, 3.544, 22:36:27, True
1739158587806, ETHUSDT, 2638.15, 1.456, 22:36:27, True
1739158587858, ETHUSDT, 2638.13, 0.189, 22:36:27, False
1739158587910, ETHUSDT, 2638.12, 2.611, 22:36:27, True
1739158587969, ETHUSDT, 2637.77, 0.1, 22:36:27, True
1739158588058, ETHUSDT, 2637.78, 0.108, 22:36:28, False
1739158588059, ETHUSDT, 2637.77, 1.2, 22:36:28, True
1739158588099, ETHUSDT, 2637.73, 0.011, 22:36:28, False
1739158588240, ETHUSDT, 2637.73, 3.416, 22:36:28, False
1739158588312, ETHUSDT, 2637.72, 0.109, 22:36:28, True
1739158588416, ETHUSDT, 2637.73, 0.272, 22:36:28, False
1739158588416, ETHUSDT, 2637.74, 0.016, 22:36:28, False
1739158588416, ETHUSDT, 2637.76, 0.008, 22:36:28, False
1739158588416, ETHUSDT, 2637.78, 0.179, 22:36:28, False
1739158588559, ETHUSDT, 2637.77, 8.419, 22:36:28, True
1739158588694, ETHUSDT,2033903234,2637.77,8.419,1739158588559,True
1739158588779, ETHUSDT,2033903235,2637.78,9.041,1739158588691,False
1739158588691, ETHUSDT, 2637.78, 9.041, 22:36:28, False
1739158588775, ETHUSDT, 2637.8, 0.092, 22:36:28, False
1739158588775, ETHUSDT, 2637.83, 0.098, 22:36:28, False
1739158588775, ETHUSDT, 2637.86, 0.008, 22:36:28, False
1739158588856, ETHUSDT, 2637.97, 0.001, 22:36:28, False
1739158588965, ETHUSDT, 2637.96, 13.42, 22:36:28, True
1739158589070, ETHUSDT,2033903240,2637.96,13.42,1739158588965,True
1739158589066, ETHUSDT, 2637.96, 12.331, 22:36:29, True
1739158589072, ETHUSDT,2033903241,2637.96,12.331,1739158589066,True
1739158589067, ETHUSDT, 2637.92, 0.791, 22:36:29, True
1739158589067, ETHUSDT, 2637.91, 0.77, 22:36:29, True
1739158589067, ETHUSDT, 2637.88, 0.759, 22:36:29, True
1739158589068, ETHUSDT, 2637.9, 0.008, 22:36:29, True
1739158589068, ETHUSDT, 2637.83, 2.566, 22:36:29, True
1739158589068, ETHUSDT, 2637.8, 0.767, 22:36:29, True
1739158589069, ETHUSDT, 2637.77, 6.04, 22:36:29, True
1739158589087, ETHUSDT,2033903248,2637.77,6.04,1739158589069,True
1739158589082, ETHUSDT, 2637.76, 0.008, 22:36:29, True
1739158589082, ETHUSDT, 2637.73, 0.011, 22:36:29, True
1739158589082, ETHUSDT, 2637.72, 0.023, 22:36:29, True
1739158589082, ETHUSDT, 2637.7, 0.008, 22:36:29, True
1739158589082, ETHUSDT, 2637.67, 0.008, 22:36:29, True
1739158589082, ETHUSDT, 2637.66, 0.008, 22:36:29, True
1739158589082, ETHUSDT, 2637.65, 0.012, 22:36:29, True
1739158589082, ETHUSDT, 2637.64, 0.035, 22:36:29, True
1739158589100, ETHUSDT, 2637.6, 0.032, 22:36:29, True
1739158589100, ETHUSDT, 2637.59, 0.008, 22:36:29, True
1739158589100, ETHUSDT, 2637.58, 0.25, 22:36:29, True
1739158589100, ETHUSDT, 2637.57, 1.475, 22:36:29, True
1739158589229, ETHUSDT,2033903261,2637.58,11.255,1739158589223,False
1739158589223, ETHUSDT, 2637.58, 11.255, 22:36:29, False
1739158589223, ETHUSDT, 2637.6, 2.365, 22:36:29, False
1739158589223, ETHUSDT, 2637.61, 0.016, 22:36:29, False
1739158589223, ETHUSDT, 2637.63, 0.008, 22:36:29, False
1739158589223, ETHUSDT, 2637.65, 1.116, 22:36:29, False
1739158589229, ETHUSDT, 2637.58, 1.11, 22:36:29, False
1739158589247, ETHUSDT, 2637.59, 8.541, 22:36:29, True
1739158589318, ETHUSDT,2033903267,2637.59,8.541,1739158589247,True
1739158589315, ETHUSDT, 2637.6, 0.016, 22:36:29, False
1739158589338, ETHUSDT, 2637.64, 0.355, 22:36:29, True
1739158589451, ETHUSDT, 2637.65, 0.2, 22:36:29, False
1739158589555, ETHUSDT, 2637.64, 3.273, 22:36:29, True
1739158589596, ETHUSDT, 2637.65, 0.24, 22:36:29, False
1739158589706, ETHUSDT, 2637.64, 2.0, 22:36:29, True
1739158589766, ETHUSDT, 2637.6, 0.035, 22:36:29, True
1739158589780, ETHUSDT, 2637.59, 8.543, 22:36:29, True
1739158589788, ETHUSDT,2033903275,2637.59,8.543,1739158589780,True
1739158589783, ETHUSDT, 2637.58, 0.008, 22:36:29, True
1739158589783, ETHUSDT, 2637.57, 2.644, 22:36:29, True
1739158589783, ETHUSDT, 2637.56, 0.05, 22:36:29, True
1739158589787, ETHUSDT, 2637.55, 0.058, 22:36:29, True
1739158589787, ETHUSDT, 2637.54, 0.016, 22:36:29, True
1739158589787, ETHUSDT, 2637.51, 0.016, 22:36:29, True
1739158589787, ETHUSDT, 2637.5, 0.06, 22:36:29, True
1739158589787, ETHUSDT, 2637.49, 0.008, 22:36:29, True
1739158589787, ETHUSDT, 2637.48, 0.008, 22:36:29, True
1739158589958, ETHUSDT, 2637.47, 6.824, 22:36:29, True
1739158590073, ETHUSDT,2033903285,2637.47,6.824,1739158589958,True
1739158590066, ETHUSDT, 2637.48, 0.888, 22:36:30, False
1739158590067, ETHUSDT, 2637.54, 0.016, 22:36:30, False
1739158590067, ETHUSDT, 2637.6, 0.027, 22:36:30, False
1739158590067, ETHUSDT, 2637.61, 0.629, 22:36:30, False
1739158590069, ETHUSDT, 2637.65, 2.8, 22:36:30, False
1739158590172, ETHUSDT, 2637.68, 0.189, 22:36:30, True
1739158590195, ETHUSDT, 2637.69, 1.731, 22:36:30, False
1739158590195, ETHUSDT, 2637.71, 0.016, 22:36:30, False
1739158590195, ETHUSDT, 2637.73, 0.016, 22:36:30, False
1739158590195, ETHUSDT, 2637.74, 0.008, 22:36:30, False
1739158590195, ETHUSDT, 2637.76, 0.008, 22:36:30, False
1739158590195, ETHUSDT, 2637.78, 0.046, 22:36:30, False
1739158590195, ETHUSDT, 2637.79, 0.016, 22:36:30, False
1739158590195, ETHUSDT, 2637.8, 0.008, 22:36:30, False
1739158590195, ETHUSDT, 2637.82, 0.008, 22:36:30, False
1739158590195, ETHUSDT, 2637.83, 0.008, 22:36:30, False
1739158590195, ETHUSDT, 2637.84, 0.008, 22:36:30, False
1739158590195, ETHUSDT, 2637.85, 0.016, 22:36:30, False
1739158590195, ETHUSDT, 2637.87, 0.008, 22:36:30, False
1739158590195, ETHUSDT, 2637.9, 0.094, 22:36:30, False
1739158590345, ETHUSDT, 2637.89, 10.804, 22:36:30, True
1739158590348, ETHUSDT,2033903306,2637.89,10.804,1739158590345,True
1739158590345, ETHUSDT, 2637.88, 0.008, 22:36:30, True
1739158590345, ETHUSDT, 2637.85, 0.008, 22:36:30, True
1739158590345, ETHUSDT, 2637.8, 1.05, 22:36:30, True
1739158590345, ETHUSDT, 2637.69, 0.995, 22:36:30, True
1739158590345, ETHUSDT, 2637.68, 0.693, 22:36:30, True
1739158590418, ETHUSDT, 2637.65, 2.083, 22:36:30, False
1739158590470, ETHUSDT, 2637.68, 0.37, 22:36:30, False
1739158590577, ETHUSDT, 2637.68, 0.054, 22:36:30, False
1739158590589, ETHUSDT, 2637.67, 9.293, 22:36:30, True
1739158590656, ETHUSDT,2033903315,2637.67,9.293,1739158590589,True
1739158590653, ETHUSDT, 2637.68, 0.467, 22:36:30, False
1739158590677, ETHUSDT, 2637.67, 6.779, 22:36:30, True
1739158590832, ETHUSDT,2033903317,2637.67,6.779,1739158590677,True
1739158590933, ETHUSDT, 2637.68, 0.359, 22:36:30, False
1739158590933, ETHUSDT, 2637.69, 0.008, 22:36:30, False
1739158590933, ETHUSDT, 2637.71, 0.008, 22:36:30, False
1739158590933, ETHUSDT, 2637.74, 0.012, 22:36:30, False
1739158590956, ETHUSDT, 2637.76, 0.016, 22:36:30, False
1739158590970, ETHUSDT, 2637.8, 0.212, 22:36:30, True
1739158591028, ETHUSDT, 2637.81, 0.019, 22:36:31, False
1739158591032, ETHUSDT, 2637.83, 0.008, 22:36:31, False
1739158591078, ETHUSDT, 2637.87, 0.443, 22:36:31, True
1739158591162, ETHUSDT, 2637.88, 9.831, 22:36:31, False
1739158591185, ETHUSDT,2033903327,2637.88,9.831,1739158591162,False
1739158591182, ETHUSDT, 2637.89, 1.666, 22:36:31, False
1739158591182, ETHUSDT, 2637.9, 0.509, 22:36:31, False
1739158591182, ETHUSDT, 2637.91, 1.488, 22:36:31, False
1739158591182, ETHUSDT, 2637.92, 0.506, 22:36:31, False
1739158591183, ETHUSDT, 2637.96, 0.641, 22:36:31, False
1739158591183, ETHUSDT, 2637.97, 2.983, 22:36:31, False
1739158591188, ETHUSDT, 2637.99, 0.016, 22:36:31, False
1739158591188, ETHUSDT, 2638.0, 0.106, 22:36:31, False
1739158591188, ETHUSDT, 2638.02, 0.058, 22:36:31, False
1739158591188, ETHUSDT, 2638.03, 0.077, 22:36:31, False
1739158591188, ETHUSDT, 2638.05, 0.099, 22:36:31, False
1739158591188, ETHUSDT, 2638.06, 0.224, 22:36:31, False
1739158591188, ETHUSDT, 2638.07, 0.008, 22:36:31, False
1739158591188, ETHUSDT, 2638.08, 0.554, 22:36:31, False
1739158591188, ETHUSDT, 2638.09, 1.33, 22:36:31, False
1739158591257, ETHUSDT, 2638.12, 4.25, 22:36:31, True
1739158591306, ETHUSDT, 2638.13, 2.404, 22:36:31, False
1739158591306, ETHUSDT, 2638.15, 0.016, 22:36:31, False
1739158591306, ETHUSDT, 2638.17, 0.307, 22:36:31, False
1739158591306, ETHUSDT, 2638.19, 0.169, 22:36:31, False
1739158591306, ETHUSDT, 2638.2, 0.161, 22:36:31, False
1739158591306, ETHUSDT, 2638.21, 0.185, 22:36:31, False
1739158591307, ETHUSDT, 2638.22, 0.389, 22:36:31, False
1739158591307, ETHUSDT, 2638.23, 0.01, 22:36:31, False
1739158591307, ETHUSDT, 2638.24, 0.205, 22:36:31, False
1739158591323, ETHUSDT, 2638.26, 0.008, 22:36:31, False
1739158591323, ETHUSDT, 2638.27, 0.092, 22:36:31, False
1739158591339, ETHUSDT, 2638.28, 0.057, 22:36:31, True
1739158591398, ETHUSDT, 2638.29, 1.523, 22:36:31, True
1739158591450, ETHUSDT, 2638.28, 0.544, 22:36:31, True
1739158591522, ETHUSDT,2033903358,2638.11,8.699,1739158591519,True
1739158591519, ETHUSDT, 2638.11, 8.699, 22:36:31, True
1739158591522, ETHUSDT,2033903372,2637.9,10.501,1739158591519,True
1739158591519, ETHUSDT, 2638.09, 0.008, 22:36:31, True
1739158591519, ETHUSDT, 2638.06, 0.925, 22:36:31, True
1739158591519, ETHUSDT, 2638.04, 0.008, 22:36:31, True
1739158591519, ETHUSDT, 2638.01, 0.008, 22:36:31, True
1739158591519, ETHUSDT, 2638.0, 0.016, 22:36:31, True
1739158591519, ETHUSDT, 2637.99, 0.134, 22:36:31, True
1739158591519, ETHUSDT, 2637.98, 0.008, 22:36:31, True
1739158591519, ETHUSDT, 2637.97, 0.016, 22:36:31, True
1739158591519, ETHUSDT, 2637.96, 0.016, 22:36:31, True
1739158591519, ETHUSDT, 2637.94, 0.07, 22:36:31, True
1739158591519, ETHUSDT, 2637.93, 0.048, 22:36:31, True
1739158591519, ETHUSDT, 2637.91, 0.03, 22:36:31, True
1739158591519, ETHUSDT, 2637.9, 10.501, 22:36:31, True
1739158591519, ETHUSDT, 2637.89, 0.07, 22:36:31, True
1739158591519, ETHUSDT, 2637.88, 3.99, 22:36:31, True
1739158591523, ETHUSDT, 2638.01, 0.169, 22:36:31, True
1739158591721, ETHUSDT, 2638.01, 0.174, 22:36:31, True
1739158591831, ETHUSDT, 2638.01, 3.0, 22:36:31, True
1739158591874, ETHUSDT, 2638.02, 1.121, 22:36:31, False
1739158591874, ETHUSDT, 2638.03, 0.008, 22:36:31, False
1739158591874, ETHUSDT, 2638.07, 0.109, 22:36:31, False
1739158591874, ETHUSDT, 2638.08, 0.026, 22:36:31, False
1739158591947, ETHUSDT, 2638.08, 0.222, 22:36:31, True
1739158592018, ETHUSDT, 2638.04, 0.011, 22:36:32, True
1739158592018, ETHUSDT, 2638.01, 1.23, 22:36:32, True
1739158592156, ETHUSDT, 2638.01, 0.258, 22:36:32, True
1739158592220, ETHUSDT, 2638.02, 1.0, 22:36:32, False
1739158592267, ETHUSDT, 2638.01, 0.169, 22:36:32, True
1739158592353, ETHUSDT,2033903389,2638.01,5.988,1739158592349,True
1739158592349, ETHUSDT, 2638.01, 5.988, 22:36:32, True
1739158592349, ETHUSDT, 2637.95, 0.008, 22:36:32, True
1739158592362, ETHUSDT, 2637.89, 0.861, 22:36:32, True
1739158592362, ETHUSDT, 2637.88, 50.689, 22:36:32, True
1739158592399, ETHUSDT,2033903392,2637.88,50.689,1739158592362,True
1739158592395, ETHUSDT, 2637.83, 0.008, 22:36:32, True
1739158592395, ETHUSDT, 2637.8, 0.016, 22:36:32, True
1739158592395, ETHUSDT, 2637.77, 0.027, 22:36:32, True
1739158592395, ETHUSDT, 2637.76, 0.008, 22:36:32, True
1739158592395, ETHUSDT, 2637.75, 0.008, 22:36:32, True
1739158592421, ETHUSDT, 2637.68, 0.25, 22:36:32, True
1739158592469, ETHUSDT, 2637.69, 1.337, 22:36:32, False
1739158592510, ETHUSDT, 2637.68, 0.145, 22:36:32, True
1739158592709, ETHUSDT, 2637.68, 5.442, 22:36:32, True
1739158592709, ETHUSDT, 2637.67, 0.244, 22:36:32, True
1739158592736, ETHUSDT, 2637.68, 0.5, 22:36:32, False
1739158592839, ETHUSDT, 2637.67, 2.0, 22:36:32, True
1739158592989, ETHUSDT, 2637.67, 23.978, 22:36:32, True
1739158593025, ETHUSDT,2033903405,2637.67,23.978,1739158592989,True
1739158593021, ETHUSDT, 2637.68, 0.065, 22:36:33, False
1739158593039, ETHUSDT, 2637.67, 7.139, 22:36:33, True
1739158593051, ETHUSDT,2033903407,2637.67,7.139,1739158593039,True
1739158593047, ETHUSDT, 2637.64, 0.087, 22:36:33, True
1739158593047, ETHUSDT, 2637.61, 0.008, 22:36:33, True
1739158593047, ETHUSDT, 2637.6, 0.032, 22:36:33, True
1739158593047, ETHUSDT, 2637.59, 1.901, 22:36:33, True
1739158593063, ETHUSDT, 2637.56, 0.016, 22:36:33, True
1739158593063, ETHUSDT, 2637.54, 0.016, 22:36:33, True
1739158593063, ETHUSDT, 2637.52, 1.901, 22:36:33, True
1739158593063, ETHUSDT, 2637.51, 0.016, 22:36:33, True
1739158593063, ETHUSDT, 2637.48, 0.008, 22:36:33, True
1739158593063, ETHUSDT, 2637.47, 0.886, 22:36:33, True
1739158593235, ETHUSDT, 2637.47, 0.068, 22:36:33, True
1739158593263, ETHUSDT, 2637.48, 0.561, 22:36:33, False
1739158593350, ETHUSDT, 2637.59, 43.543, 22:36:33, True
1739158593388, ETHUSDT,2033903420,2637.59,43.543,1739158593350,True
1739158593384, ETHUSDT, 2637.58, 0.011, 22:36:33, True
1739158593384, ETHUSDT, 2637.54, 1.503, 22:36:33, True
1739158593384, ETHUSDT, 2637.53, 0.759, 22:36:33, True
1739158593384, ETHUSDT, 2637.52, 0.432, 22:36:33, True
1739158593384, ETHUSDT, 2637.5, 1.809, 22:36:33, True
1739158593384, ETHUSDT, 2637.47, 1.669, 22:36:33, True
1739158593384, ETHUSDT, 2637.46, 0.016, 22:36:33, True
1739158593390, ETHUSDT, 2637.47, 0.25, 22:36:33, True
1739158593390, ETHUSDT, 2637.45, 0.759, 22:36:33, True
1739158593390, ETHUSDT, 2637.43, 0.71, 22:36:33, True
1739158593391, ETHUSDT, 2637.42, 0.008, 22:36:33, True
1739158593392, ETHUSDT, 2637.4, 0.008, 22:36:33, True
1739158593392, ETHUSDT, 2637.38, 0.033, 22:36:33, True
1739158593393, ETHUSDT, 2637.36, 0.6, 22:36:33, True
1739158593393, ETHUSDT, 2637.33, 0.04, 22:36:33, True
1739158593395, ETHUSDT, 2637.28, 1.915, 22:36:33, True
1739158593396, ETHUSDT, 2637.27, 1.263, 22:36:33, True
1739158593458, ETHUSDT, 2637.28, 0.001, 22:36:33, False
1739158593542, ETHUSDT, 2637.27, 0.283, 22:36:33, True
1739158593565, ETHUSDT, 2637.25, 0.016, 22:36:33, True
1739158593565, ETHUSDT, 2637.22, 0.008, 22:36:33, True
1739158593565, ETHUSDT, 2637.21, 0.31, 22:36:33, True
1739158593570, ETHUSDT, 2637.2, 0.024, 22:36:33, True
1739158593570, ETHUSDT, 2637.19, 0.008, 22:36:33, True
1739158593570, ETHUSDT, 2637.17, 0.024, 22:36:33, True
1739158593570, ETHUSDT, 2637.14, 0.074, 22:36:33, True
1739158593970, ETHUSDT, 2637.14, 0.01, 22:36:33, True
1739158594305, ETHUSDT, 2637.15, 0.011, 22:36:34, False
1739158594367, ETHUSDT, 2637.14, 0.541, 22:36:34, True
1739158594386, ETHUSDT, 2637.15, 0.27, 22:36:34, False
1739158594504, ETHUSDT, 2637.14, 6.99, 22:36:34, True
1739158594512, ETHUSDT,2033903451,2637.14,6.99,1739158594504,True
1739158594507, ETHUSDT, 2637.11, 0.016, 22:36:34, True
1739158594516, ETHUSDT, 2637.01, 1.353, 22:36:34, True
1739158594580, ETHUSDT, 2637.0, 4.531, 22:36:34, True
1739158594582, ETHUSDT, 2636.98, 0.016, 22:36:34, True
1739158594582, ETHUSDT, 2636.97, 0.05, 22:36:34, True
1739158594582, ETHUSDT, 2636.94, 0.008, 22:36:34, True
1739158594582, ETHUSDT, 2636.92, 0.722, 22:36:34, True
1739158594595, ETHUSDT, 2636.9, 0.016, 22:36:34, True
1739158594595, ETHUSDT, 2636.88, 0.011, 22:36:34, True
1739158594595, ETHUSDT, 2636.87, 0.015, 22:36:34, True
1739158594595, ETHUSDT, 2636.86, 0.016, 22:36:34, True
1739158594616, ETHUSDT, 2636.84, 0.015, 22:36:34, True
1739158594652, ETHUSDT, 2636.8, 0.074, 22:36:34, True
1739158594901, ETHUSDT, 2636.75, 0.474, 22:36:34, True
1739158594901, ETHUSDT, 2636.72, 0.784, 22:36:34, True
1739158594903, ETHUSDT, 2636.7, 0.008, 22:36:34, True
1739158594903, ETHUSDT, 2636.69, 0.809, 22:36:34, True
1739158594904, ETHUSDT, 2636.68, 0.724, 22:36:34, True
1739158594905, ETHUSDT, 2636.67, 0.008, 22:36:34, True
1739158595037, ETHUSDT, 2636.63, 8.982, 22:36:35, True
1739158595056, ETHUSDT,2033903471,2636.63,8.982,1739158595037,True
1739158595052, ETHUSDT, 2636.64, 3.816, 22:36:35, False
1739158595054, ETHUSDT, 2636.69, 0.098, 22:36:35, False
1739158595079, ETHUSDT, 2636.76, 1.013, 22:36:35, False
1739158595096, ETHUSDT, 2636.79, 0.01, 22:36:35, False
1739158595096, ETHUSDT, 2636.8, 0.008, 22:36:35, False
1739158595096, ETHUSDT, 2636.81, 0.098, 22:36:35, False
1739158595101, ETHUSDT, 2636.9, 0.016, 22:36:35, False
1739158595104, ETHUSDT, 2636.96, 0.336, 22:36:35, False
1739158595104, ETHUSDT, 2636.97, 0.016, 22:36:35, False
1739158595104, ETHUSDT, 2636.98, 0.042, 22:36:35, False
1739158595104, ETHUSDT, 2636.99, 1.904, 22:36:35, False
1739158595120, ETHUSDT, 2637.0, 0.008, 22:36:35, False
1739158595120, ETHUSDT, 2637.02, 0.07, 22:36:35, False
1739158595125, ETHUSDT, 2637.05, 0.008, 22:36:35, False
1739158595125, ETHUSDT, 2637.07, 0.008, 22:36:35, False
1739158595151, ETHUSDT, 2637.09, 0.01, 22:36:35, False
1739158595182, ETHUSDT, 2637.14, 0.016, 22:36:35, False
1739158595182, ETHUSDT, 2637.15, 1.438, 22:36:35, False
1739158595227, ETHUSDT, 2637.13, 2.099, 22:36:35, True
1739158595464, ETHUSDT, 2637.23, 2.411, 22:36:35, True
1739158595570, ETHUSDT, 2637.23, 9.519, 22:36:35, True
1739158595575, ETHUSDT,2033903492,2637.23,9.519,1739158595570,True
1739158595571, ETHUSDT, 2637.22, 1.111, 22:36:35, True
1739158595571, ETHUSDT, 2637.2, 0.521, 22:36:35, True
1739158595571, ETHUSDT, 2637.17, 0.008, 22:36:35, True
1739158595571, ETHUSDT, 2637.15, 0.033, 22:36:35, True
1739158595575, ETHUSDT,2033903508,2636.93,6.048,1739158595571,True
1739158595571, ETHUSDT, 2637.13, 0.44, 22:36:35, True
1739158595575, ETHUSDT,2033903509,2636.92,7.172,1739158595571,True
1739158595571, ETHUSDT, 2637.12, 0.427, 22:36:35, True
1739158595571, ETHUSDT, 2637.1, 0.008, 22:36:35, True
1739158595576, ETHUSDT,2033903518,2636.8,7.852,1739158595571,True
1739158595571, ETHUSDT, 2637.08, 0.008, 22:36:35, True
1739158595571, ETHUSDT, 2637.05, 2.495, 22:36:35, True
1739158595577, ETHUSDT,2033903524,2636.7,7.261,1739158595571,True
1739158595571, ETHUSDT, 2637.04, 2.054, 22:36:35, True
1739158595577, ETHUSDT,2033903525,2636.68,22.783,1739158595571,True
1739158595571, ETHUSDT, 2637.03, 0.767, 22:36:35, True
1739158595571, ETHUSDT, 2637.0, 1.058, 22:36:35, True
1739158595577, ETHUSDT,2033903527,2636.66,7.257,1739158595571,True
1739158595571, ETHUSDT, 2636.97, 1.972, 22:36:35, True
1739158595571, ETHUSDT, 2636.96, 1.569, 22:36:35, True
1739158595571, ETHUSDT, 2636.95, 2.62, 22:36:35, True
1739158595571, ETHUSDT, 2636.93, 6.048, 22:36:35, True
1739158595571, ETHUSDT, 2636.92, 7.172, 22:36:35, True
1739158595571, ETHUSDT, 2636.9, 1.136, 22:36:35, True
1739158595571, ETHUSDT, 2636.89, 0.008, 22:36:35, True
1739158595571, ETHUSDT, 2636.88, 0.016, 22:36:35, True
1739158595571, ETHUSDT, 2636.87, 1.697, 22:36:35, True
1739158595571, ETHUSDT, 2636.86, 1.82, 22:36:35, True
1739158595571, ETHUSDT, 2636.83, 1.677, 22:36:35, True
1739158595571, ETHUSDT, 2636.82, 3.047, 22:36:35, True
1739158595571, ETHUSDT, 2636.81, 1.718, 22:36:35, True
1739158595571, ETHUSDT, 2636.8, 7.852, 22:36:35, True
1739158595571, ETHUSDT, 2636.76, 0.01, 22:36:35, True
1739158595571, ETHUSDT, 2636.75, 0.008, 22:36:35, True
1739158595571, ETHUSDT, 2636.74, 0.165, 22:36:35, True
1739158595571, ETHUSDT, 2636.72, 5.16, 22:36:35, True
1739158595571, ETHUSDT, 2636.71, 0.031, 22:36:35, True
1739158595571, ETHUSDT, 2636.7, 7.261, 22:36:35, True
1739158595571, ETHUSDT, 2636.68, 22.783, 22:36:35, True
1739158595571, ETHUSDT, 2636.67, 0.008, 22:36:35, True
1739158595571, ETHUSDT, 2636.66, 7.257, 22:36:35, True
1739158595571, ETHUSDT, 2636.65, 0.576, 22:36:35, True
1739158595571, ETHUSDT, 2636.64, 13.685, 22:36:35, True
1739158595595, ETHUSDT,2033903529,2636.64,13.685,1739158595571,True
1739158595591, ETHUSDT, 2636.9, 0.998, 22:36:35, True
1739158595615, ETHUSDT, 2636.91, 0.699, 22:36:35, False
1739158595820, ETHUSDT, 2637.18, 1.147, 22:36:35, True
1739158596032, ETHUSDT, 2637.18, 0.521, 22:36:36, True
1739158596032, ETHUSDT, 2637.12, 0.019, 22:36:36, True
1739158596059, ETHUSDT, 2637.11, 1.238, 22:36:36, True
1739158596165, ETHUSDT, 2637.11, 4.912, 22:36:36, True
1739158596296, ETHUSDT, 2637.12, 1.311, 22:36:36, False
1739158596297, ETHUSDT, 2637.12, 1.0, 22:36:36, True
1739158596303, ETHUSDT, 2637.13, 0.611, 22:36:36, False
1739158596308, ETHUSDT, 2637.18, 0.018, 22:36:36, False
1739158596308, ETHUSDT, 2637.19, 3.278, 22:36:36, False
1739158596334, ETHUSDT, 2637.23, 6.575, 22:36:36, True
1739158596448, ETHUSDT,2033903542,2637.23,6.575,1739158596334,True
1739158596445, ETHUSDT, 2637.23, 2.698, 22:36:36, True
1739158596622, ETHUSDT, 2637.23, 2.273, 22:36:36, True
1739158596644, ETHUSDT, 2637.17, 0.008, 22:36:36, True
1739158596646, ETHUSDT,2033903546,2637.11,27.385,1739158596644,True
1739158596644, ETHUSDT, 2637.11, 27.385, 22:36:36, True
1739158596644, ETHUSDT, 2637.05, 0.008, 22:36:36, True
1739158596644, ETHUSDT, 2637.03, 0.008, 22:36:36, True
1739158596644, ETHUSDT, 2637.01, 5.209, 22:36:36, True
1739158596677, ETHUSDT, 2636.93, 0.9, 22:36:36, True
1739158596733, ETHUSDT, 2636.94, 1.282, 22:36:36, False
1739158596738, ETHUSDT, 2636.98, 0.008, 22:36:36, False
1739158596877, ETHUSDT, 2637.08, 0.186, 22:36:36, True
1739158596931, ETHUSDT, 2637.09, 0.283, 22:36:36, False
1739158596931, ETHUSDT, 2637.17, 0.011, 22:36:36, False
1739158596931, ETHUSDT, 2637.2, 0.008, 22:36:36, False
1739158596931, ETHUSDT, 2637.24, 1.396, 22:36:36, False
1739158596931, ETHUSDT, 2637.25, 0.012, 22:36:36, False
1739158596946, ETHUSDT,2033903559,2637.27,8.841,1739158596931,False
1739158596931, ETHUSDT, 2637.27, 8.841, 22:36:36, False
1739158596942, ETHUSDT, 2637.28, 59.573, 22:36:36, False
1739158597011, ETHUSDT,2033903560,2637.28,59.573,1739158596942,False
1739158597007, ETHUSDT, 2637.27, 0.121, 22:36:37, True
1739158597017, ETHUSDT, 2637.29, 0.016, 22:36:37, False
1739158597017, ETHUSDT, 2637.32, 0.008, 22:36:37, False
1739158597054, ETHUSDT, 2637.34, 0.7, 22:36:37, False
1739158597054, ETHUSDT, 2637.35, 0.264, 22:36:37, False
1739158597054, ETHUSDT, 2637.36, 0.077, 22:36:37, False
1739158597054, ETHUSDT, 2637.37, 0.616, 22:36:37, False
1739158597054, ETHUSDT, 2637.4, 0.016, 22:36:37, False
1739158597054, ETHUSDT, 2637.41, 0.008, 22:36:37, False
1739158597054, ETHUSDT, 2637.42, 0.016, 22:36:37, False
1739158597054, ETHUSDT, 2637.43, 0.008, 22:36:37, False
1739158597054, ETHUSDT, 2637.44, 0.008, 22:36:37, False
1739158597054, ETHUSDT, 2637.45, 0.008, 22:36:37, False
1739158597054, ETHUSDT, 2637.46, 0.012, 22:36:37, False
1739158597054, ETHUSDT, 2637.47, 0.008, 22:36:37, False
1739158597054, ETHUSDT, 2637.48, 0.024, 22:36:37, False
1739158597054, ETHUSDT, 2637.49, 0.008, 22:36:37, False
1739158597054, ETHUSDT, 2637.5, 0.016, 22:36:37, False
1739158597054, ETHUSDT, 2637.51, 0.012, 22:36:37, False
1739158597054, ETHUSDT, 2637.52, 1.593, 22:36:37, False
1739158597267, ETHUSDT, 2637.34, 12.65, 22:36:37, True
1739158597275, ETHUSDT,2033903581,2637.34,12.65,1739158597267,True
1739158597271, ETHUSDT, 2637.33, 0.016, 22:36:37, True
1739158597271, ETHUSDT, 2637.3, 0.019, 22:36:37, True
1739158597271, ETHUSDT, 2637.27, 0.008, 22:36:37, True
1739158597275, ETHUSDT,2033903592,2637.13,7.624,1739158597271,True
1739158597271, ETHUSDT, 2637.25, 0.008, 22:36:37, True
1739158597271, ETHUSDT, 2637.22, 0.018, 22:36:37, True
1739158597271, ETHUSDT, 2637.21, 5.278, 22:36:37, True
1739158597271, ETHUSDT, 2637.2, 0.032, 22:36:37, True
1739158597271, ETHUSDT, 2637.17, 0.008, 22:36:37, True
1739158597271, ETHUSDT, 2637.16, 0.07, 22:36:37, True
1739158597271, ETHUSDT, 2637.14, 0.018, 22:36:37, True
