Event Time, Symbol, Aggregate Trade ID, Price, Quantity, First Trade ID, Trade Time, Is Buyer Maker
1739158328601, SOLUSDT,858419038,201.89,163.0,1739158328446,False
1739158329086, SOLUSDT,858419042,201.9,120.0,1739158328933,False
1739158329210, SOLUSDT,858419043,201.9,1236.0,1739158329084,False
1739158329701, SOLUSDT,858419049,201.9,19366.0,1739158329635,False
1739158329745, SOLUSDT,858419055,201.94,122.0,1739158329725,True
1739158329754, SOLUSDT,858419060,201.93,84.0,1739158329749,True
1739158329757, SOLUSDT,858419061,201.92,133.0,1739158329750,True
1739158329781, SOLUSDT,858419062,201.91,307.0,1739158329752,True
1739158329791, SOLUSDT,858419063,201.9,127.0,1739158329778,True
1739158329817, SOLUSDT,858419066,201.91,274.0,1739158329814,False
1739158329817, SOLUSDT,858419067,201.92,300.0,1739158329814,False
1739158329819, SOLUSDT,858419068,201.93,197.0,1739158329814,False
1739158329959, SOLUSDT,858419077,201.9,142.0,1739158329943,True
1739158330003, SOLUSDT,858419079,201.89,216.0,1739158329974,True
1739158330132, SOLUSDT,858419080,201.88,101.0,1739158329998,True
1739158330268, SOLUSDT,858419083,201.87,455.0,1739158330202,False
1739158330268, SOLUSDT,858419084,201.88,205.0,1739158330265,False
1739158330363, SOLUSDT,858419086,201.86,311.0,1739158330275,True
1739158330457, SOLUSDT,858419087,201.88,84.0,1739158330359,False
1739158330769, SOLUSDT,858419093,201.86,276.0,1739158330676,False
1739158330774, SOLUSDT,858419094,201.88,109.0,1739158330765,False
1739158333111, SOLUSDT,858419114,201.99,230.0,1739158332956,True
1739158333348, SOLUSDT,858419117,202.0,250.0,1739158333194,False
1739158333431, SOLUSDT,858419123,201.97,234.0,1739158333425,True
1739158333435, SOLUSDT,858419124,201.96,2204.0,1739158333427,True
1739158333439, SOLUSDT,858419126,201.94,149.0,1739158333432,True
1739158334463, SOLUSDT,858419140,201.86,491.0,1739158334308,True
1739158335012, SOLUSDT,858419142,201.87,98.0,1739158334895,False
1739158335374, SOLUSDT,858419148,201.86,517.0,1739158335269,True
1739158335914, SOLUSDT,858419155,201.84,210.0,1739158335878,False
1739158337400, SOLUSDT,858419172,201.87,735.0,1739158337345,False
1739158337400, SOLUSDT,858419173,201.88,220.0,1739158337396,False
1739158337414, SOLUSDT,858419174,201.89,320.0,1739158337396,False
1739158337762, SOLUSDT,858419178,201.89,1221.0,1739158337729,True
1739158338869, SOLUSDT,858419192,201.8,146.0,1739158338864,False
1739158338908, SOLUSDT,858419194,201.82,90.0,1739158338901,False
1739158338908, SOLUSDT,858419195,201.83,112.0,1739158338903,False
1739158340347, SOLUSDT,858419204,201.81,370.0,1739158340283,True
1739158341002, SOLUSDT,858419209,201.76,631.0,1739158340905,True
1739158341556, SOLUSDT,858419214,201.74,79.0,1739158341552,False
1739158343692, SOLUSDT,858419244,201.74,135.0,1739158343642,False
1739158344029, SOLUSDT,858419247,201.73,96.0,1739158343978,True
1739158344726, SOLUSDT,858419261,201.65,104.0,1739158344696,False
1739158344726, SOLUSDT,858419262,201.64,83.0,1739158344721,True
1739158344951, SOLUSDT,858419271,201.67,186.0,1739158344924,True
1739158345748, SOLUSDT,858419282,201.64,113.0,1739158345744,False
1739158346678, SOLUSDT,858419291,201.62,78.0,1739158346665,True
1739158346848, SOLUSDT,858419294,201.61,101.0,1739158346795,False
1739158347976, SOLUSDT,858419301,201.63,91.0,1739158347973,False
1739158347976, SOLUSDT,858419304,201.66,89.0,1739158347973,False
1739158347976, SOLUSDT,858419305,201.67,266.0,1739158347973,False
1739158348057, SOLUSDT,858419306,201.68,173.0,1739158347973,False
1739158348073, SOLUSDT,858419310,201.66,226.0,1739158348070,False
1739158348074, SOLUSDT,858419311,201.67,109.0,1739158348070,False
1739158348158, SOLUSDT,858419312,201.68,110.0,1739158348070,False
1739158348694, SOLUSDT,858419320,201.63,129.0,1739158348689,False
1739158349203, SOLUSDT,858419325,201.64,535.0,1739158349088,False
1739158349267, SOLUSDT,858419327,201.66,385.0,1739158349201,False
1739158349330, SOLUSDT,858419329,201.66,91.0,1739158349319,False
1739158352580, SOLUSDT,858419361,201.8,92.0,1739158352426,False
1739158353829, SOLUSDT,858419366,201.8,157.0,1739158353673,True
1739158355383, SOLUSDT,858419379,201.81,113.0,1739158355228,False
1739158356608, SOLUSDT,858419396,201.91,142.0,1739158356604,False
1739158356619, SOLUSDT,858419397,201.92,145.0,1739158356604,False
1739158566193, SOLUSDT, 204.03, 29.0, 22:36:06, False
1739158566391, SOLUSDT, 204.03, 3.0, 22:36:06, False
1739158566494, SOLUSDT, 204.02, 5.0, 22:36:06, True
1739158566653, SOLUSDT, 204.02, 1.0, 22:36:06, True
1739158566667, SOLUSDT, 204.03, 11.0, 22:36:06, False
1739158566817, SOLUSDT,858423377,204.02,99.0,1739158566727,True
1739158566727, SOLUSDT, 204.02, 99.0, 22:36:06, True
1739158566812, SOLUSDT, 204.03, 38.0, 22:36:06, False
1739158566887, SOLUSDT, 204.02, 73.0, 22:36:06, True
1739158566887, SOLUSDT, 204.01, 76.0, 22:36:06, True
1739158566918, SOLUSDT,858423380,204.01,76.0,1739158566887,True
1739158567069, SOLUSDT,858423381,204.02,98.0,1739158566914,False
1739158566914, SOLUSDT, 204.02, 98.0, 22:36:06, False
1739158567091, SOLUSDT, 204.02, 64.0, 22:36:07, False
1739158567130, SOLUSDT, 204.03, 58.0, 22:36:07, False
1739158567141, SOLUSDT, 204.04, 5.0, 22:36:07, False
1739158567154, SOLUSDT, 204.05, 4.0, 22:36:07, False
1739158567251, SOLUSDT, 204.04, 73.0, 22:36:07, True
1739158567271, SOLUSDT, 204.05, 39.0, 22:36:07, False
1739158567282, SOLUSDT, 204.06, 2.0, 22:36:07, False
1739158567548, SOLUSDT, 204.07, 1.0, 22:36:07, False
1739158567614, SOLUSDT, 204.06, 50.0, 22:36:07, True
1739158567716, SOLUSDT, 204.06, 1.0, 22:36:07, True
1739158567874, SOLUSDT, 204.07, 21.0, 22:36:07, False
1739158567992, SOLUSDT, 204.06, 4.0, 22:36:07, True
1739158568156, SOLUSDT, 204.07, 1.0, 22:36:08, False
1739158568218, SOLUSDT, 204.06, 11.0, 22:36:08, True
1739158568255, SOLUSDT, 204.06, 25.0, 22:36:08, False
1739158568281, SOLUSDT, 204.05, 2.0, 22:36:08, True
1739158568281, SOLUSDT, 204.04, 2.0, 22:36:08, True
1739158568318, SOLUSDT, 204.04, 6.0, 22:36:08, False
1739158568587, SOLUSDT, 204.03, 2.0, 22:36:08, True
1739158568659, SOLUSDT, 204.04, 58.0, 22:36:08, False
1739158568703, SOLUSDT, 204.03, 1.0, 22:36:08, True
1739158568765, SOLUSDT, 204.04, 1.0, 22:36:08, False
1739158568767, SOLUSDT, 204.03, 18.0, 22:36:08, True
1739158568782, SOLUSDT, 204.02, 2.0, 22:36:08, True
1739158568798, SOLUSDT, 204.01, 17.0, 22:36:08, True
1739158568889, SOLUSDT, 204.02, 297.0, 22:36:08, False
1739158569012, SOLUSDT,858423407,204.02,297.0,1739158568889,False
1739158569010, SOLUSDT, 204.04, 1.0, 22:36:09, False
1739158569016, SOLUSDT, 204.05, 82.0, 22:36:09, False
1739158569154, SOLUSDT,858423409,204.05,82.0,1739158569016,False
1739158569151, SOLUSDT, 204.05, 5.0, 22:36:09, False
1739158569449, SOLUSDT, 204.05, 2.0, 22:36:09, False
1739158569653, SOLUSDT, 204.05, 7.0, 22:36:09, False
1739158569727, SOLUSDT, 204.05, 1.0, 22:36:09, True
1739158569730, SOLUSDT, 204.06, 2.0, 22:36:09, False
1739158569862, SOLUSDT, 204.06, 15.0, 22:36:09, True
1739158569885, SOLUSDT, 204.05, 10.0, 22:36:09, True
1739158569885, SOLUSDT, 204.04, 35.0, 22:36:09, True
1739158569978, SOLUSDT, 204.03, 1.0, 22:36:09, True
1739158570173, SOLUSDT, 204.03, 2.0, 22:36:10, True
1739158570354, SOLUSDT, 204.03, 32.0, 22:36:10, True
1739158570383, SOLUSDT, 204.02, 3.0, 22:36:10, True
1739158570388, SOLUSDT, 204.01, 79.0, 22:36:10, True
1739158570544, SOLUSDT,858423422,204.01,79.0,1739158570388,True
1739158570658, SOLUSDT, 204.02, 256.0, 22:36:10, False
1739158570812, SOLUSDT,858423423,204.02,256.0,1739158570658,False
1739158570807, SOLUSDT, 204.02, 5.0, 22:36:10, True
1739158571047, SOLUSDT, 204.02, 14.0, 22:36:11, True
1739158571048, SOLUSDT, 204.01, 1097.0, 22:36:11, True
1739158571069, SOLUSDT,858423426,204.01,1097.0,1739158571048,True
1739158571063, SOLUSDT, 204.0, 44.0, 22:36:11, True
1739158571157, SOLUSDT, 204.01, 1.0, 22:36:11, False
1739158571178, SOLUSDT, 204.0, 21.0, 22:36:11, True
1739158571257, SOLUSDT, 204.0, 5.0, 22:36:11, False
1739158571553, SOLUSDT, 203.99, 4.0, 22:36:11, True
1739158571862, SOLUSDT, 204.0, 1.0, 22:36:11, False
1739158572034, SOLUSDT, 204.0, 24.0, 22:36:12, True
1739158572095, SOLUSDT, 203.99, 10.0, 22:36:12, True
1739158572259, SOLUSDT, 204.0, 64.0, 22:36:12, False
1739158572365, SOLUSDT, 204.0, 5.0, 22:36:12, False
1739158572406, SOLUSDT, 203.99, 165.0, 22:36:12, True
1739158572414, SOLUSDT,858423437,203.99,165.0,1739158572406,True
1739158572410, SOLUSDT, 203.98, 36.0, 22:36:12, True
1739158572412, SOLUSDT, 203.97, 28.0, 22:36:12, True
1739158572415, SOLUSDT, 203.96, 762.0, 22:36:12, True
1739158572449, SOLUSDT,858423440,203.96,762.0,1739158572415,True
1739158572445, SOLUSDT, 203.95, 1.0, 22:36:12, True
1739158572579, SOLUSDT, 203.95, 18.0, 22:36:12, True
1739158572593, SOLUSDT, 203.94, 77.0, 22:36:12, True
1739158572643, SOLUSDT,858423443,203.94,77.0,1739158572593,True
1739158572634, SOLUSDT, 203.93, 4.0, 22:36:12, True
1739158572657, SOLUSDT, 203.94, 5.0, 22:36:12, False
1739158572671, SOLUSDT, 203.93, 3.0, 22:36:12, True
1739158572784, SOLUSDT, 203.92, 10.0, 22:36:12, True
1739158572784, SOLUSDT, 203.91, 3.0, 22:36:12, True
1739158572798, SOLUSDT, 203.92, 287.0, 22:36:12, False
1739158572810, SOLUSDT,858423449,203.92,287.0,1739158572798,False
1739158572804, SOLUSDT, 203.93, 105.0, 22:36:12, False
1739158572814, SOLUSDT,858423450,203.93,105.0,1739158572804,False
1739158572810, SOLUSDT, 203.94, 63.0, 22:36:12, False
1739158572814, SOLUSDT, 203.95, 307.0, 22:36:12, False
1739158572828, SOLUSDT,858423452,203.95,307.0,1739158572814,False
1739158572824, SOLUSDT, 203.94, 16.0, 22:36:12, True
1739158572824, SOLUSDT, 203.95, 47.0, 22:36:12, False
1739158572825, SOLUSDT, 203.94, 15.0, 22:36:12, True
1739158572825, SOLUSDT, 203.95, 49.0, 22:36:12, False
1739158572826, SOLUSDT, 203.94, 16.0, 22:36:12, True
1739158572827, SOLUSDT, 203.95, 34.0, 22:36:12, False
1739158572828, SOLUSDT, 203.94, 15.0, 22:36:12, True
1739158572828, SOLUSDT, 203.95, 57.0, 22:36:12, False
1739158572829, SOLUSDT, 203.94, 22.0, 22:36:12, True
1739158572829, SOLUSDT, 203.95, 25.0, 22:36:12, False
1739158572830, SOLUSDT, 203.94, 18.0, 22:36:12, False
1739158572831, SOLUSDT, 203.95, 9.0, 22:36:12, False
1739158572831, SOLUSDT, 203.94, 11.0, 22:36:12, False
1739158572832, SOLUSDT, 203.93, 16.0, 22:36:12, True
1739158572832, SOLUSDT, 203.94, 6.0, 22:36:12, False
1739158572832, SOLUSDT, 203.93, 4.0, 22:36:12, True
1739158572832, SOLUSDT, 203.94, 5.0, 22:36:12, False
1739158572836, SOLUSDT, 203.92, 4.0, 22:36:12, True
1739158572836, SOLUSDT, 203.91, 9.0, 22:36:12, True
1739158572836, SOLUSDT, 203.9, 40.0, 22:36:12, True
1739158572913, SOLUSDT, 203.93, 46.0, 22:36:12, True
1739158573056, SOLUSDT, 203.94, 1.0, 22:36:13, False
1739158573137, SOLUSDT, 203.95, 1.0, 22:36:13, False
1739158573248, SOLUSDT, 203.96, 25.0, 22:36:13, False
1739158573296, SOLUSDT, 203.97, 17.0, 22:36:13, False
1739158573296, SOLUSDT, 203.98, 7.0, 22:36:13, False
1739158573297, SOLUSDT, 203.97, 9.0, 22:36:13, False
1739158573297, SOLUSDT, 203.98, 71.0, 22:36:13, False
1739158573305, SOLUSDT,858423481,203.99,198.0,1739158573298,False
1739158573298, SOLUSDT, 203.99, 198.0, 22:36:13, False
1739158573300, SOLUSDT, 204.0, 97.0, 22:36:13, False
1739158573309, SOLUSDT,858423482,204.0,97.0,1739158573300,False
1739158573306, SOLUSDT, 203.99, 1.0, 22:36:13, True
1739158573322, SOLUSDT, 204.0, 126.0, 22:36:13, False
1739158573346, SOLUSDT,858423484,204.0,126.0,1739158573322,False
1739158573341, SOLUSDT, 204.01, 135.0, 22:36:13, False
1739158573356, SOLUSDT,858423485,204.01,135.0,1739158573341,False
1739158573351, SOLUSDT, 204.02, 145.0, 22:36:13, False
1739158573361, SOLUSDT,858423486,204.02,145.0,1739158573351,False
1739158573358, SOLUSDT, 204.03, 74.0, 22:36:13, False
1739158573364, SOLUSDT,858423487,204.03,74.0,1739158573358,False
1739158573361, SOLUSDT, 204.02, 69.0, 22:36:13, True
1739158573361, SOLUSDT, 204.03, 2.0, 22:36:13, False
1739158573361, SOLUSDT, 204.02, 82.0, 22:36:13, False
1739158573364, SOLUSDT, 204.01, 2.0, 22:36:13, True
1739158573368, SOLUSDT,858423490,204.02,82.0,1739158573361,False
1739158573364, SOLUSDT, 204.02, 2.0, 22:36:13, False
1739158573364, SOLUSDT, 204.01, 5.0, 22:36:13, False
1739158573374, SOLUSDT,858423494,204.0,136.0,1739158573365,False
1739158573375, SOLUSDT,858423495,203.99,136.0,1739158573370,False
1739158573365, SOLUSDT, 204.0, 136.0, 22:36:13, False
1739158573370, SOLUSDT, 203.99, 136.0, 22:36:13, False
1739158573371, SOLUSDT, 203.98, 24.0, 22:36:13, True
1739158573371, SOLUSDT, 203.99, 3.0, 22:36:13, False
1739158573371, SOLUSDT, 203.98, 4.0, 22:36:13, True
1739158573464, SOLUSDT,858423499,203.99,158.0,1739158573371,False
1739158573371, SOLUSDT, 203.99, 158.0, 22:36:13, False
1739158573465, SOLUSDT,858423502,204.02,80.0,1739158573460,False
1739158573460, SOLUSDT, 204.0, 29.0, 22:36:13, False
1739158573460, SOLUSDT, 204.01, 18.0, 22:36:13, False
1739158573460, SOLUSDT, 204.02, 80.0, 22:36:13, False
1739158573460, SOLUSDT, 204.03, 1.0, 22:36:13, False
1739158573497, SOLUSDT, 204.02, 21.0, 22:36:13, True
1739158573499, SOLUSDT, 204.03, 4.0, 22:36:13, False
1739158573728, SOLUSDT, 204.03, 64.0, 22:36:13, False
1739158573942, SOLUSDT, 204.02, 12.0, 22:36:13, True
1739158574005, SOLUSDT, 204.01, 10.0, 22:36:14, True
1739158574127, SOLUSDT, 204.0, 5.0, 22:36:14, True
1739158574129, SOLUSDT, 203.99, 6.0, 22:36:14, True
1739158574131, SOLUSDT, 203.98, 11.0, 22:36:14, True
1739158574134, SOLUSDT, 203.97, 30.0, 22:36:14, True
1739158574151, SOLUSDT, 203.96, 14.0, 22:36:14, True
1739158574227, SOLUSDT,858423514,203.97,128.0,1739158574210,False
1739158574210, SOLUSDT, 203.97, 128.0, 22:36:14, False
1739158574223, SOLUSDT, 203.96, 6.0, 22:36:14, True
1739158574334, SOLUSDT, 203.98, 1.0, 22:36:14, False
1739158574334, SOLUSDT, 203.99, 4.0, 22:36:14, False
1739158574396, SOLUSDT, 203.98, 2.0, 22:36:14, True
1739158574430, SOLUSDT, 203.96, 4.0, 22:36:14, True
1739158574466, SOLUSDT, 203.97, 258.0, 22:36:14, False
1739158574611, SOLUSDT,858423520,203.97,258.0,1739158574466,False
1739158574607, SOLUSDT, 203.99, 6.0, 22:36:14, True
1739158574637, SOLUSDT, 204.0, 4.0, 22:36:14, False
1739158574655, SOLUSDT, 204.0, 1.0, 22:36:14, True
1739158574822, SOLUSDT, 204.0, 54.0, 22:36:14, True
1739158574961, SOLUSDT, 204.01, 20.0, 22:36:14, False
1739158575036, SOLUSDT, 204.0, 1.0, 22:36:15, True
1739158575048, SOLUSDT, 203.99, 2.0, 22:36:15, True
1739158575077, SOLUSDT, 203.98, 2.0, 22:36:15, True
1739158575077, SOLUSDT, 203.97, 8.0, 22:36:15, True
1739158575179, SOLUSDT, 203.97, 6.0, 22:36:15, True
1739158575190, SOLUSDT,858423531,203.98,111.0,1739158575186,False
1739158575186, SOLUSDT, 203.98, 111.0, 22:36:15, False
1739158575186, SOLUSDT, 203.99, 8.0, 22:36:15, False
1739158575186, SOLUSDT, 204.0, 8.0, 22:36:15, False
1739158575186, SOLUSDT, 204.01, 66.0, 22:36:15, False
1739158575241, SOLUSDT, 204.0, 2.0, 22:36:15, True
1739158575381, SOLUSDT, 204.0, 2.0, 22:36:15, True
1739158575400, SOLUSDT, 203.99, 5.0, 22:36:15, True
1739158575403, SOLUSDT, 203.98, 1.0, 22:36:15, True
1739158575429, SOLUSDT, 203.97, 24.0, 22:36:15, True
1739158575530, SOLUSDT, 203.98, 1.0, 22:36:15, False
1739158575701, SOLUSDT, 203.97, 2.0, 22:36:15, True
1739158575852, SOLUSDT, 203.98, 1.0, 22:36:15, False
1739158575954, SOLUSDT,858423543,203.97,884.0,1739158575942,True
1739158575942, SOLUSDT, 203.97, 884.0, 22:36:15, True
1739158575950, SOLUSDT, 203.96, 16.0, 22:36:15, True
1739158575950, SOLUSDT, 203.95, 13.0, 22:36:15, True
1739158575958, SOLUSDT, 203.94, 22.0, 22:36:15, True
1739158576162, SOLUSDT, 203.95, 4.0, 22:36:16, False
1739158576261, SOLUSDT, 203.94, 43.0, 22:36:16, True
1739158576279, SOLUSDT, 203.94, 160.0, 22:36:16, False
1739158576390, SOLUSDT,858423549,203.94,160.0,1739158576279,False
1739158576386, SOLUSDT, 203.94, 21.0, 22:36:16, False
1739158576524, SOLUSDT, 203.94, 105.0, 22:36:16, False
1739158576562, SOLUSDT,858423551,203.94,105.0,1739158576524,False
1739158576558, SOLUSDT, 203.93, 3.0, 22:36:16, True
1739158576697, SOLUSDT, 203.93, 3.0, 22:36:16, True
1739158576708, SOLUSDT, 203.92, 15.0, 22:36:16, True
1739158576721, SOLUSDT, 203.91, 56.0, 22:36:16, True
1739158576731, SOLUSDT, 203.9, 8.0, 22:36:16, True
1739158576860, SOLUSDT, 203.9, 30.0, 22:36:16, True
1739158576900, SOLUSDT, 203.91, 1.0, 22:36:16, False
1739158576929, SOLUSDT, 203.89, 15.0, 22:36:16, True
1739158576929, SOLUSDT, 203.88, 23.0, 22:36:16, True
1739158577018, SOLUSDT, 203.89, 50.0, 22:36:17, False
1739158577022, SOLUSDT, 203.88, 1.0, 22:36:17, True
1739158577032, SOLUSDT, 203.87, 187.0, 22:36:17, True
1739158577078, SOLUSDT,858423563,203.87,187.0,1739158577032,True
1739158577075, SOLUSDT, 203.86, 16.0, 22:36:17, True
1739158577077, SOLUSDT, 203.85, 12.0, 22:36:17, True
1739158577080, SOLUSDT, 203.84, 4.0, 22:36:17, True
1739158577154, SOLUSDT, 203.85, 2.0, 22:36:17, True
1739158577243, SOLUSDT, 203.86, 57.0, 22:36:17, False
1739158577347, SOLUSDT, 203.87, 5.0, 22:36:17, False
1739158577403, SOLUSDT, 203.88, 2.0, 22:36:17, True
1739158577509, SOLUSDT, 203.89, 6.0, 22:36:17, False
1739158577565, SOLUSDT, 203.89, 4.0, 22:36:17, True
1739158577655, SOLUSDT, 203.9, 2.0, 22:36:17, False
1739158577655, SOLUSDT, 203.91, 8.0, 22:36:17, False
1739158577655, SOLUSDT, 203.92, 10.0, 22:36:17, False
1739158577665, SOLUSDT, 203.93, 93.0, 22:36:17, False
1739158577673, SOLUSDT,858423576,203.93,93.0,1739158577665,False
1739158577669, SOLUSDT, 203.94, 75.0, 22:36:17, False
669,False
1739158577802, SOLUSDT, 203.95, 10.0, 22:36:17, False
1739158577817, SOLUSDT, 203.96, 18.0, 22:36:17, False
1739158577947, SOLUSDT, 203.96, 46.0, 22:36:17, True
1739158577953, SOLUSDT, 203.95, 4.0, 22:36:17, True
1739158578022, SOLUSDT, 203.93, 27.0, 22:36:18, True
1739158578178, SOLUSDT, 203.93, 2.0, 22:36:18, True
1739158578199, SOLUSDT, 203.94, 1.0, 22:36:18, False
1739158578292, SOLUSDT, 203.93, 8.0, 22:36:18, True
1739158578292, SOLUSDT, 203.92, 19.0, 22:36:18, True
1739158578292, SOLUSDT, 203.91, 12.0, 22:36:18, True
1739158578313, SOLUSDT, 203.9, 2.0, 22:36:18, True
1739158578588, SOLUSDT,858423589,203.91,155.0,1739158578475,False
1739158578475, SOLUSDT, 203.91, 155.0, 22:36:18, False
1739158578584, SOLUSDT, 203.9, 13.0, 22:36:18, True
1739158578597, SOLUSDT, 203.89, 4.0, 22:36:18, True
1739158578676, SOLUSDT, 203.89, 14.0, 22:36:18, False
1739158578799, SOLUSDT, 203.89, 3.0, 22:36:18, False
1739158578889, SOLUSDT, 203.88, 28.0, 22:36:18, True
1739158578898, SOLUSDT, 203.87, 2.0, 22:36:18, True
1739158578907, SOLUSDT, 203.86, 20.0, 22:36:18, True
1739158578971, SOLUSDT, 203.85, 9.0, 22:36:18, True
1739158579073, SOLUSDT, 203.86, 2.0, 22:36:19, False
1739158579208, SOLUSDT, 203.85, 13.0, 22:36:19, True
1739158579216, SOLUSDT, 203.84, 12.0, 22:36:19, True
1739158579680, SOLUSDT, 203.83, 81.0, 22:36:19, True
1739158579740, SOLUSDT, 203.82, 78.0, 22:36:19, True
1739158579745, SOLUSDT,858423601,203.83,81.0,1739158579680,True
1739158579750, SOLUSDT,858423602,203.82,78.0,1739158579740,True
1739158579747, SOLUSDT, 203.81, 20.0, 22:36:19, True
1739158579956, SOLUSDT, 203.81, 24.0, 22:36:19, False
1739158579956, SOLUSDT, 203.82, 2.0, 22:36:19, False
1739158579962, SOLUSDT, 203.81, 100.0, 22:36:19, True
1739158579976, SOLUSDT,858423606,203.81,100.0,1739158579962,True
1739158579971, SOLUSDT, 203.8, 75.0, 22:36:19, True
1739158580028, SOLUSDT,858423607,203.8,75.0,1739158579971,True
1739158580025, SOLUSDT, 203.79, 21.0, 22:36:20, True
1739158580063, SOLUSDT, 203.78, 7.0, 22:36:20, True
1739158580103, SOLUSDT, 203.77, 9.0, 22:36:20, True
1739158580470, SOLUSDT, 203.78, 153.0, 22:36:20, False
1739158580625, SOLUSDT,858423611,203.78,153.0,1739158580470,False
1739158580622, SOLUSDT, 203.78, 1.0, 22:36:20, False
1739158580698, SOLUSDT, 203.77, 59.0, 22:36:20, True
1739158580741, SOLUSDT, 203.76, 2.0, 22:36:20, True
1739158580741, SOLUSDT, 203.75, 7.0, 22:36:20, True
1739158580741, SOLUSDT, 203.74, 69.0, 22:36:20, True
1739158580741, SOLUSDT, 203.73, 17.0, 22:36:20, True
1739158580840, SOLUSDT, 203.72, 11.0, 22:36:20, True
1739158580886, SOLUSDT, 203.7, 17.0, 22:36:20, True
1739158580886, SOLUSDT, 203.69, 14.0, 22:36:20, True
1739158580889, SOLUSDT, 203.68, 47.0, 22:36:20, True
1739158580962, SOLUSDT, 203.67, 11.0, 22:36:20, True
1739158580998, SOLUSDT, 203.67, 12.0, 22:36:20, False
1739158581008, SOLUSDT, 203.66, 5.0, 22:36:21, True
1739158581061, SOLUSDT, 203.67, 196.0, 22:36:21, False
1739158581077, SOLUSDT,858423625,203.67,196.0,1739158581061,False
1739158581073, SOLUSDT, 203.66, 15.0, 22:36:21, True
1739158581116, SOLUSDT, 203.65, 3.0, 22:36:21, True
1739158581119, SOLUSDT, 203.66, 7.0, 22:36:21, False
1739158581135, SOLUSDT, 203.65, 59.0, 22:36:21, True
1739158581277, SOLUSDT, 203.65, 3.0, 22:36:21, True
1739158581391, SOLUSDT, 203.66, 71.0, 22:36:21, False
1739158581403, SOLUSDT, 203.67, 6.0, 22:36:21, False
1739158581485, SOLUSDT, 203.67, 2.0, 22:36:21, True
1739158581543, SOLUSDT, 203.68, 17.0, 22:36:21, False
1739158581546, SOLUSDT, 203.69, 9.0, 22:36:21, False
1739158581546, SOLUSDT, 203.7, 45.0, 22:36:21, False
1739158581548, SOLUSDT, 203.71, 25.0, 22:36:21, False
1739158581622, SOLUSDT, 203.72, 10.0, 22:36:21, False
1739158581627, SOLUSDT, 203.73, 8.0, 22:36:21, False
1739158581633, SOLUSDT,858423640,203.74,76.0,1739158581628,False
1739158581628, SOLUSDT, 203.74, 76.0, 22:36:21, False
1739158581629, SOLUSDT, 203.75, 33.0, 22:36:21, False
1739158581640, SOLUSDT, 203.76, 47.0, 22:36:21, False
1739158581695, SOLUSDT, 203.77, 1.0, 22:36:21, False
1739158581701, SOLUSDT, 203.76, 1.0, 22:36:21, True
1739158581719, SOLUSDT, 203.78, 19.0, 22:36:21, False
1739158581756, SOLUSDT, 203.79, 1.0, 22:36:21, False
1739158581768, SOLUSDT, 203.78, 7.0, 22:36:21, True
1739158581956, SOLUSDT,858423648,203.78,87.0,1739158581897,True
1739158581897, SOLUSDT, 203.78, 87.0, 22:36:21, True
1739158581989, SOLUSDT,858423649,203.77,103.0,1739158581952,True
1739158581952, SOLUSDT, 203.77, 103.0, 22:36:21, True
1739158581983, SOLUSDT, 203.76, 1.0, 22:36:21, True
1739158582034, SOLUSDT, 203.75, 2.0, 22:36:22, True
1739158582055, SOLUSDT, 203.75, 7.0, 22:36:22, False
1739158582104, SOLUSDT, 203.74, 29.0, 22:36:22, True
1739158582211, SOLUSDT, 203.73, 23.0, 22:36:22, True
1739158582339, SOLUSDT, 203.73, 98.0, 22:36:22, False
1739158582485, SOLUSDT,858423655,203.73,98.0,1739158582339,False
1739158582481, SOLUSDT, 203.72, 12.0, 22:36:22, True
1739158582537, SOLUSDT, 203.71, 4.0, 22:36:22, True
1739158582548, SOLUSDT, 203.7, 8.0, 22:36:22, True
1739158582550, SOLUSDT, 203.69, 11.0, 22:36:22, True
1739158582719, SOLUSDT, 203.68, 2.0, 22:36:22, True
1739158582833, SOLUSDT, 203.69, 244.0, 22:36:22, False
1739158582869, SOLUSDT,858423661,203.69,244.0,1739158582833,False
1739158582865, SOLUSDT, 203.68, 9.0, 22:36:22, True
1739158582908, SOLUSDT, 203.67, 7.0, 22:36:22, True
1739158582923, SOLUSDT, 203.68, 1.0, 22:36:22, False
1739158583002, SOLUSDT, 203.66, 1.0, 22:36:23, True
1739158583067, SOLUSDT, 203.65, 21.0, 22:36:23, True
1739158583070, SOLUSDT, 203.646, 23.0, 22:36:23, True
1739158583076, SOLUSDT, 203.64, 11.0, 22:36:23, True
1739158583078, SOLUSDT, 203.63, 16.0, 22:36:23, True
1739158583196, SOLUSDT, 203.62, 1.0, 22:36:23, True
1739158583320, SOLUSDT, 203.64, 13.0, 22:36:23, False
1739158583335, SOLUSDT, 203.65, 11.0, 22:36:23, False
1739158583367, SOLUSDT, 203.65, 36.0, 22:36:23, True
1739158583372, SOLUSDT, 203.66, 3.0, 22:36:23, False
1739158583375, SOLUSDT, 203.67, 10.0, 22:36:23, False
1739158583376, SOLUSDT, 203.68, 6.0, 22:36:23, False
1739158583378, SOLUSDT, 203.69, 40.0, 22:36:23, False
1739158583442, SOLUSDT, 203.69, 7.0, 22:36:23, True
1739158583484, SOLUSDT, 203.7, 9.0, 22:36:23, False
1739158583491, SOLUSDT, 203.71, 21.0, 22:36:23, False
1739158583511, SOLUSDT, 203.72, 3.0, 22:36:23, False
1739158583519, SOLUSDT, 203.71, 10.0, 22:36:23, True
1739158583635, SOLUSDT, 203.71, 44.0, 22:36:23, True
1739158583732, SOLUSDT, 203.7, 3.0, 22:36:23, True
1739158583732, SOLUSDT, 203.69, 11.0, 22:36:23, True
1739158583732, SOLUSDT, 203.68, 50.0, 22:36:23, True
1739158583732, SOLUSDT, 203.67, 5.0, 22:36:23, True
1739158583844, SOLUSDT, 203.68, 29.0, 22:36:23, False
1739158583844, SOLUSDT, 203.69, 2.0, 22:36:23, False
1739158583845, SOLUSDT, 203.7, 92.0, 22:36:23, False
1739158583850, SOLUSDT,858423690,203.7,92.0,1739158583845,False
1739158583848, SOLUSDT, 203.71, 180.0, 22:36:23, False
1739158583870, SOLUSDT,858423691,203.71,180.0,1739158583848,False
1739158583865, SOLUSDT, 203.71, 3.0, 22:36:23, True
1739158583906, SOLUSDT, 203.72, 3.0, 22:36:23, False
1739158583910, SOLUSDT, 203.73, 15.0, 22:36:23, False
1739158584130, SOLUSDT, 203.73, 9.0, 22:36:24, False
1739158584152, SOLUSDT, 203.73, 4.0, 22:36:24, True
1739158584237, SOLUSDT, 203.74, 5.0, 22:36:24, False
1739158584237, SOLUSDT, 203.75, 2.0, 22:36:24, False
1739158584370, SOLUSDT, 203.74, 36.0, 22:36:24, True
1739158584558, SOLUSDT, 203.74, 20.0, 22:36:24, True
1739158584677, SOLUSDT, 203.73, 47.0, 22:36:24, True
1739158584677, SOLUSDT, 203.72, 1.0, 22:36:24, True
1739158584677, SOLUSDT, 203.71, 14.0, 22:36:24, True
1739158584727, SOLUSDT, 203.7, 27.0, 22:36:24, True
1739158584878, SOLUSDT, 203.69, 3.0, 22:36:24, True
1739158584878, SOLUSDT, 203.68, 18.0, 22:36:24, True
1739158584889, SOLUSDT, 203.67, 2.0, 22:36:24, True
1739158584889, SOLUSDT, 203.66, 5.0, 22:36:24, True
1739158584940, SOLUSDT, 203.65, 4.0, 22:36:24, True
1739158585071, SOLUSDT, 203.65, 5.0, 22:36:25, True
1739158585099, SOLUSDT, 203.64, 1.0, 22:36:25, True
1739158585118, SOLUSDT, 203.63, 7.0, 22:36:25, True
1739158585118, SOLUSDT, 203.62, 4.0, 22:36:25, True
1739158585274, SOLUSDT, 203.62, 19.0, 22:36:25, False
1739158585462, SOLUSDT, 203.64, 1.0, 22:36:25, False
1739158585465, SOLUSDT, 203.64, 1.0, 22:36:25, True
1739158585478, SOLUSDT, 203.65, 1.0, 22:36:25, False
1739158585532, SOLUSDT, 203.65, 5.0, 22:36:25, True
1739158585743, SOLUSDT, 203.65, 4.0, 22:36:25, True
1739158585752, SOLUSDT, 203.66, 34.0, 22:36:25, False
1739158585903, SOLUSDT, 203.65, 5.0, 22:36:25, True
1739158586017, SOLUSDT, 203.65, 1.0, 22:36:26, True
1739158586030, SOLUSDT, 203.63, 1.0, 22:36:26, True
1739158586030, SOLUSDT, 203.62, 14.0, 22:36:26, True
1739158586097, SOLUSDT, 203.61, 49.0, 22:36:26, True
1739158586124, SOLUSDT, 203.6, 6.0, 22:36:26, True
1739158586148, SOLUSDT, 203.61, 11.0, 22:36:26, False
1739158586159, SOLUSDT, 203.62, 2.0, 22:36:26, False
1739158586179, SOLUSDT, 203.62, 1.0, 22:36:26, True
1739158586236, SOLUSDT, 203.63, 31.0, 22:36:26, False
1739158586240, SOLUSDT, 203.64, 1.0, 22:36:26, False
1739158586250, SOLUSDT, 203.64, 62.0, 22:36:26, True
1739158586446, SOLUSDT, 203.64, 6.0, 22:36:26, True
1739158586779, SOLUSDT, 203.64, 23.0, 22:36:26, True
1739158586895, SOLUSDT, 203.63, 6.0, 22:36:26, True
1739158586914, SOLUSDT, 203.62, 1.0, 22:36:26, True
1739158586919, SOLUSDT, 203.62, 5.0, 22:36:26, False
1739158586939, SOLUSDT, 203.61, 2.0, 22:36:26, True
1739158586941, SOLUSDT, 203.6, 6.0, 22:36:26, True
1739158587124, SOLUSDT, 203.59, 2.0, 22:36:27, True
1739158587124, SOLUSDT, 203.58, 20.0, 22:36:27, True
1739158587291, SOLUSDT, 203.57, 5.0, 22:36:27, True
1739158587384, SOLUSDT, 203.58, 1.0, 22:36:27, False
1739158587422, SOLUSDT, 203.57, 3.0, 22:36:27, True
1739158587531, SOLUSDT, 203.56, 1.0, 22:36:27, True
1739158587569, SOLUSDT, 203.57, 2.0, 22:36:27, False
1739158587692, SOLUSDT, 203.57, 53.0, 22:36:27, False
1739158587694, SOLUSDT, 203.58, 10.0, 22:36:27, False
1739158587695, SOLUSDT, 203.59, 24.0, 22:36:27, False
1739158587779, SOLUSDT,858423750,203.58,147.0,1739158587730,True
1739158587730, SOLUSDT, 203.58, 147.0, 22:36:27, True
1739158587776, SOLUSDT, 203.6, 8.0, 22:36:27, False
1739158587788, SOLUSDT, 203.59, 35.0, 22:36:27, True
1739158587911, SOLUSDT, 203.58, 4.0, 22:36:27, True
1739158587919, SOLUSDT, 203.56, 3.0, 22:36:27, True
1739158588304, SOLUSDT, 203.56, 1.0, 22:36:28, True
1739158588340, SOLUSDT, 203.57, 2.0, 22:36:28, False
1739158588347, SOLUSDT, 203.56, 5.0, 22:36:28, True
1739158588475, SOLUSDT, 203.56, 2.0, 22:36:28, True
1739158588545, SOLUSDT, 203.57, 145.0, 22:36:28, False
1739158588629, SOLUSDT,858423759,203.57,145.0,1739158588545,False
1739158588624, SOLUSDT, 203.56, 2.0, 22:36:28, True
1739158588708, SOLUSDT, 203.57, 19.0, 22:36:28, False
1739158588756, SOLUSDT, 203.58, 1.0, 22:36:28, True
1739158588810, SOLUSDT, 203.59, 1.0, 22:36:28, False
1739158588853, SOLUSDT, 203.6, 3.0, 22:36:28, False
1739158588862, SOLUSDT, 203.6, 1.0, 22:36:28, True
1739158588912, SOLUSDT, 203.61, 3.0, 22:36:28, False
1739158588912, SOLUSDT, 203.62, 22.0, 22:36:28, False
1739158589008, SOLUSDT, 203.62, 16.0, 22:36:29, True
1739158589070, SOLUSDT, 203.61, 3.0, 22:36:29, True
1739158589086, SOLUSDT, 203.6, 2.0, 22:36:29, True
1739158589104, SOLUSDT, 203.59, 45.0, 22:36:29, True
1739158589122, SOLUSDT, 203.58, 1.0, 22:36:29, True
1739158589138, SOLUSDT, 203.57, 1.0, 22:36:29, True
1739158589201, SOLUSDT, 203.57, 8.0, 22:36:29, False
1739158589253, SOLUSDT, 203.58, 6.0, 22:36:29, True
1739158589389, SOLUSDT, 203.58, 21.0, 22:36:29, True
1739158589507, SOLUSDT, 203.58, 7.0, 22:36:29, True
1739158589653, SOLUSDT, 203.59, 5.0, 22:36:29, False
1739158589653, SOLUSDT, 203.6, 2.0, 22:36:29, False
1739158589745, SOLUSDT, 203.59, 1.0, 22:36:29, True
1739158589943, SOLUSDT, 203.59, 21.0, 22:36:29, True
1739158589983, SOLUSDT, 203.6, 4.0, 22:36:29, False
1739158590020, SOLUSDT,858423783,203.6,88.0,1739158590015,True
1739158590015, SOLUSDT, 203.6, 88.0, 22:36:30, True
1739158590015, SOLUSDT, 203.59, 1.0, 22:36:30, True
1739158590019, SOLUSDT, 203.58, 3.0, 22:36:30, True
1739158590049, SOLUSDT, 203.58, 21.0, 22:36:30, False
1739158590228, SOLUSDT, 203.59, 107.0, 22:36:30, True
1739158590283, SOLUSDT,858423787,203.59,107.0,1739158590228,True
1739158590280, SOLUSDT, 203.58, 15.0, 22:36:30, False
1739158590375, SOLUSDT, 203.59, 8.0, 22:36:30, False
1739158590492, SOLUSDT, 203.59, 52.0, 22:36:30, True
1739158590612, SOLUSDT, 203.59, 3.0, 22:36:30, True
1739158591183, SOLUSDT, 203.6, 53.0, 22:36:31, False
1739158591225, SOLUSDT, 203.61, 2.0, 22:36:31, False
1739158591299, SOLUSDT,858423796,203.62,102.0,1739158591293,False
1739158591299, SOLUSDT,858423797,203.63,92.0,1739158591293,False
1739158591255, SOLUSDT, 203.6, 4.0, 22:36:31, True
1739158591293, SOLUSDT, 203.61, 28.0, 22:36:31, False
1739158591293, SOLUSDT, 203.62, 102.0, 22:36:31, False
1739158591293, SOLUSDT, 203.63, 92.0, 22:36:31, False
1739158591293, SOLUSDT, 203.64, 56.0, 22:36:31, False
1739158591293, SOLUSDT, 203.65, 21.0, 22:36:31, False
1739158591308, SOLUSDT, 203.64, 25.0, 22:36:31, True
1739158591378, SOLUSDT, 203.65, 2.0, 22:36:31, False
1739158591448, SOLUSDT, 203.64, 67.0, 22:36:31, True
1739158591630, SOLUSDT, 203.62, 4.0, 22:36:31, True
1739158591788, SOLUSDT, 203.62, 2.0, 22:36:31, True
1739158591973, SOLUSDT, 203.62, 32.0, 22:36:31, True
1739158591985, SOLUSDT, 203.61, 1.0, 22:36:31, True
1739158591985, SOLUSDT, 203.6, 27.0, 22:36:31, True
1739158592023, SOLUSDT, 203.59, 14.0, 22:36:32, True
1739158592324, SOLUSDT, 203.59, 1.0, 22:36:32, True
1739158592350, SOLUSDT, 203.6, 1.0, 22:36:32, False
1739158592390, SOLUSDT, 203.59, 133.0, 22:36:32, True
1739158592434, SOLUSDT,858423811,203.59,133.0,1739158592390,True
1739158592431, SOLUSDT, 203.58, 2.0, 22:36:32, True
1739158592431, SOLUSDT, 203.57, 9.0, 22:36:32, True
1739158592587, SOLUSDT,858423814,203.56,104.0,1739158592432,True
1739158592432, SOLUSDT, 203.56, 104.0, 22:36:32, True
1739158592818, SOLUSDT, 203.57, 1.0, 22:36:32, False
1739158592820, SOLUSDT, 203.56, 3.0, 22:36:32, True
1739158592939, SOLUSDT, 203.57, 6.0, 22:36:32, False
1739158593018, SOLUSDT, 203.56, 4.0, 22:36:33, True
1739158593018, SOLUSDT, 203.55, 23.0, 22:36:33, True
1739158593267, SOLUSDT, 203.55, 229.0, 22:36:33, True
1739158593272, SOLUSDT,858423820,203.55,229.0,1739158593267,True
1739158593267, SOLUSDT, 203.54, 24.0, 22:36:33, True
1739158593274, SOLUSDT,858423822,203.53,74.0,1739158593267,True
1739158593267, SOLUSDT, 203.53, 74.0, 22:36:33, True
1739158593271, SOLUSDT, 203.54, 30.0, 22:36:33, False
1739158593277, SOLUSDT, 203.53, 7.0, 22:36:33, True
1739158593341, SOLUSDT, 203.55, 27.0, 22:36:33, False
1739158593443, SOLUSDT, 203.56, 3.0, 22:36:33, False
1739158593493, SOLUSDT, 203.55, 21.0, 22:36:33, True
1739158593493, SOLUSDT, 203.54, 33.0, 22:36:33, True
1739158593577, SOLUSDT, 203.55, 1.0, 22:36:33, False
1739158593588, SOLUSDT, 203.54, 3.0, 22:36:33, True
1739158593722, SOLUSDT, 203.54, 2.0, 22:36:33, True
1739158593840, SOLUSDT, 203.54, 4.0, 22:36:33, True
1739158593988, SOLUSDT, 203.55, 39.0, 22:36:33, False
1739158594045, SOLUSDT, 203.54, 21.0, 22:36:34, True
1739158594060, SOLUSDT, 203.53, 1.0, 22:36:34, True
1739158594067, SOLUSDT, 203.52, 6.0, 22:36:34, True
1739158594172, SOLUSDT, 203.52, 26.0, 22:36:34, True
1739158594177, SOLUSDT, 203.51, 3.0, 22:36:34, True
1739158594177, SOLUSDT, 203.5, 5.0, 22:36:34, True
1739158594297, SOLUSDT, 203.5, 26.0, 22:36:34, True
1739158594365, SOLUSDT, 203.51, 13.0, 22:36:34, False
1739158594581, SOLUSDT, 203.5, 128.0, 22:36:34, True
1739158594590, SOLUSDT,858423842,203.5,128.0,1739158594581,True
1739158594603, SOLUSDT,858423843,203.49,1050.0,1739158594585,True
1739158594585, SOLUSDT, 203.49, 1050.0, 22:36:34, True
1739158594599, SOLUSDT, 203.48, 13.0, 22:36:34, True
1739158594603, SOLUSDT, 203.49, 1.0, 22:36:34, False
1739158594610, SOLUSDT, 203.48, 8.0, 22:36:34, True
1739158594630, SOLUSDT, 203.47, 11.0, 22:36:34, True
1739158594630, SOLUSDT, 203.46, 5.0, 22:36:34, True
1739158594676, SOLUSDT, 203.47, 3.0, 22:36:34, False
1739158594741, SOLUSDT, 203.46, 1.0, 22:36:34, False
1739158594870, SOLUSDT, 203.45, 102.0, 22:36:34, True
1739158594902, SOLUSDT,858423851,203.45,102.0,1739158594870,True
1739158594897, SOLUSDT, 203.44, 14.0, 22:36:34, True
1739158594902, SOLUSDT,858423855,203.41,193.0,1739158594897,True
1739158594897, SOLUSDT, 203.43, 48.0, 22:36:34, True
1739158594897, SOLUSDT, 203.42, 51.0, 22:36:34, True
1739158594897, SOLUSDT, 203.41, 193.0, 22:36:34, True
1739158594897, SOLUSDT, 203.4, 128.0, 22:36:34, True
1739158594960, SOLUSDT,858423856,203.4,128.0,1739158594897,True
1739158594957, SOLUSDT, 203.41, 23.0, 22:36:34, False
1739158595039, SOLUSDT, 203.43, 4.0, 22:36:35, False
1739158595050, SOLUSDT, 203.43, 17.0, 22:36:35, True
1739158595053, SOLUSDT, 203.44, 5.0, 22:36:35, False
1739158595073, SOLUSDT, 203.45, 12.0, 22:36:35, False
1739158595084, SOLUSDT, 203.46, 3.0, 22:36:35, False
1739158595096, SOLUSDT, 203.47, 56.0, 22:36:35, False
1739158595102, SOLUSDT, 203.48, 26.0, 22:36:35, False
1739158595110, SOLUSDT, 203.49, 59.0, 22:36:35, False
1739158595133, SOLUSDT, 203.5, 40.0, 22:36:35, False
1739158595203, SOLUSDT, 203.51, 8.0, 22:36:35, False
1739158595312, SOLUSDT, 203.51, 32.0, 22:36:35, False
1739158595347, SOLUSDT, 203.5, 23.0, 22:36:35, True
1739158595384, SOLUSDT, 203.51, 16.0, 22:36:35, False
1739158595460, SOLUSDT, 203.52, 4.0, 22:36:35, False
1739158595531, SOLUSDT, 203.52, 4.0, 22:36:35, True
1739158595637, SOLUSDT, 203.53, 10.0, 22:36:35, False
1739158595637, SOLUSDT, 203.54, 51.0, 22:36:35, False
1739158595666, SOLUSDT, 203.55, 98.0, 22:36:35, False
1739158595679, SOLUSDT,858423875,203.55,98.0,1739158595666,False
1739158595674, SOLUSDT, 203.56, 22.0, 22:36:35, False
1739158595757, SOLUSDT, 203.56, 16.0, 22:36:35, True
1739158596032, SOLUSDT, 203.56, 62.0, 22:36:36, True
1739158596119, SOLUSDT, 203.55, 10.0, 22:36:36, True
1739158596307, SOLUSDT, 203.56, 83.0, 22:36:36, False
1739158596319, SOLUSDT,858423880,203.56,83.0,1739158596307,False
1739158596314, SOLUSDT, 203.57, 24.0, 22:36:36, False
1739158596361, SOLUSDT, 203.58, 8.0, 22:36:36, False
1739158596363, SOLUSDT, 203.59, 70.0, 22:36:36, False
1739158596390, SOLUSDT, 203.6, 2.0, 22:36:36, False
1739158596571, SOLUSDT, 203.59, 33.0, 22:36:36, True
1739158596596, SOLUSDT, 203.6, 12.0, 22:36:36, False
1739158596626, SOLUSDT, 203.59, 28.0, 22:36:36, True
1739158596634, SOLUSDT, 203.57, 4.0, 22:36:36, True
1739158596800, SOLUSDT, 203.57, 20.0, 22:36:36, True
1739158596816, SOLUSDT, 203.58, 5.0, 22:36:36, False
1739158596821, SOLUSDT, 203.59, 1.0, 22:36:36, False
1739158596881, SOLUSDT, 203.61, 1.0, 22:36:36, False
1739158596887, SOLUSDT, 203.61, 4.0, 22:36:36, True
1739158596945, SOLUSDT, 203.62, 6.0, 22:36:36, False
1739158596950, SOLUSDT, 203.63, 19.0, 22:36:36, False
1739158597030, SOLUSDT, 203.63, 4.0, 22:36:37, True
1739158597051, SOLUSDT, 203.64, 5.0, 22:36:37, False
1739158597051, SOLUSDT, 203.65, 16.0, 22:36:37, False
1739158597177, SOLUSDT, 203.64, 5.0, 22:36:37, True
1739158597360, SOLUSDT, 203.65, 3.0, 22:36:37, False
1739158597422, SOLUSDT, 203.64, 4.0, 22:36:37, True
1739158597548, SOLUSDT, 203.64, 13.0, 22:36:37, True
1739158597736, SOLUSDT, 203.65, 56.0, 22:36:37, False
1739158597739, SOLUSDT, 203.66, 5.0, 22:36:37, False
1739158597741, SOLUSDT, 203.67, 17.0, 22:36:37, False
1739158597746, SOLUSDT, 203.67, 7.0, 22:36:37, True
1739158597805, SOLUSDT, 203.68, 17.0, 22:36:37, False
1739158597835, SOLUSDT, 203.69, 13.0, 22:36:37, False
1739158597845, SOLUSDT, 203.7, 48.0, 22:36:37, False
1739158597863, SOLUSDT, 203.71, 4.0, 22:36:37, False
1739158597922, SOLUSDT, 203.7, 90.0, 22:36:37, True
1739158597996, SOLUSDT,858423911,203.7,90.0,1739158597922,True
1739158597991, SOLUSDT, 203.69, 21.0, 22:36:37, True
1739158598034, SOLUSDT, 203.68, 38.0, 22:36:38, True
1739158598191, SOLUSDT, 203.68, 20.0, 22:36:38, False
1739158598253, SOLUSDT, 203.67, 1.0, 22:36:38, True
1739158598364, SOLUSDT, 203.69, 13.0, 22:36:38, True
1739158598438, SOLUSDT, 203.7, 7.0, 22:36:38, False
1739158598439, SOLUSDT, 203.71, 13.0, 22:36:38, False
1739158598466, SOLUSDT, 203.72, 13.0, 22:36:38, False
1739158598466, SOLUSDT, 203.73, 107.0, 22:36:38, False
1739158598466, SOLUSDT, 203.74, 78.0, 22:36:38, False
1739158598472, SOLUSDT,858423920,203.73,107.0,1739158598466,False
1739158598472, SOLUSDT,858423921,203.74,78.0,1739158598466,False
1739158598527, SOLUSDT,858423922,203.75,104.0,1739158598466,False
1739158598466, SOLUSDT, 203.75, 104.0, 22:36:38, False
1739158598522, SOLUSDT, 203.76, 190.0, 22:36:38, False
1739158598678, SOLUSDT,858423923,203.76,190.0,1739158598522,False
1739158598755, SOLUSDT, 203.76, 1.0, 22:36:38, True
1739158598760, SOLUSDT, 203.77, 5.0, 22:36:38, False
1739158598780, SOLUSDT, 203.78, 15.0, 22:36:38, False
1739158598822, SOLUSDT, 203.79, 3.0, 22:36:38, False
1739158598824, SOLUSDT, 203.8, 51.0, 22:36:38, False
1739158598834, SOLUSDT, 203.81, 12.0, 22:36:38, False
1739158598860, SOLUSDT, 203.81, 1.0, 22:36:38, True
1739158599052, SOLUSDT, 203.82, 66.0, 22:36:39, False
1739158599067, SOLUSDT, 203.81, 27.0, 22:36:39, True
1739158599085, SOLUSDT, 203.8, 48.0, 22:36:39, True
1739158599188, SOLUSDT, 203.79, 109.0, 22:36:39, True
1739158599290, SOLUSDT,858423934,203.79,109.0,1739158599188,True
1739158599286, SOLUSDT, 203.78, 154.0, 22:36:39, True
1739158599441, SOLUSDT,858423935,203.78,154.0,1739158599286,True
1739158599483, SOLUSDT, 203.79, 272.0, 22:36:39, True
1739158599495, SOLUSDT,858423936,203.79,272.0,1739158599483,True
1739158599491, SOLUSDT, 203.8, 1.0, 22:36:39, False
1739158599601, SOLUSDT, 203.8, 15.0, 22:36:39, False
1739158599679, SOLUSDT, 203.8, 1.0, 22:36:39, True
1739158599731, SOLUSDT, 203.81, 1.0, 22:36:39, False
1739158599736, SOLUSDT, 203.81, 30.0, 22:36:39, True
1739158599904, SOLUSDT, 203.82, 34.0, 22:36:39, False
1739158599921, SOLUSDT, 203.81, 30.0, 22:36:39, True
1739158599921, SOLUSDT, 203.8, 5.0, 22:36:39, True
1739158600251, SOLUSDT, 203.79, 58.0, 22:36:40, True
1739158600515, SOLUSDT, 203.77, 55.0, 22:36:40, True
1739158600628, SOLUSDT, 203.78, 1.0, 22:36:40, False
1739158600874, SOLUSDT, 203.77, 16.0, 22:36:40, True
1739158601124, SOLUSDT, 203.77, 10.0, 22:36:41, True
1739158601177, SOLUSDT, 203.78, 26.0, 22:36:41, False
1739158601255, SOLUSDT, 203.79, 1.0, 22:36:41, False
1739158601341, SOLUSDT, 203.8, 8.0, 22:36:41, False
1739158601351, SOLUSDT, 203.81, 3.0, 22:36:41, False
1739158601619, SOLUSDT,858423955,203.81,283.0,1739158601611,False
1739158601620, SOLUSDT,858423956,203.82,78.0,1739158601614,False
1739158601521, SOLUSDT, 203.81, 69.0, 22:36:41, True
1739158601611, SOLUSDT, 203.81, 283.0, 22:36:41, False
1739158601614, SOLUSDT, 203.82, 78.0, 22:36:41, False
1739158601615, SOLUSDT, 203.83, 56.0, 22:36:41, False
1739158601632, SOLUSDT, 203.84, 38.0, 22:36:41, False
1739158601680, SOLUSDT, 203.84, 1.0, 22:36:41, True
1739158601797, SOLUSDT, 203.85, 1.0, 22:36:41, False
1739158601807, SOLUSDT, 203.84, 25.0, 22:36:41, True
1739158601814, SOLUSDT, 203.81, 4.0, 22:36:41, True
1739158601946, SOLUSDT, 203.81, 27.0, 22:36:41, True
1739158601946, SOLUSDT, 203.8, 1040.0, 22:36:41, True
1946,True
1739158602040, SOLUSDT, 203.79, 111.0, 22:36:42, True
1739158602083, SOLUSDT,858423965,203.79,111.0,1739158602040,True
1739158602080, SOLUSDT, 203.8, 1.0, 22:36:42, False
1739158602089, SOLUSDT, 203.79, 50.0, 22:36:42, True
1739158602152, SOLUSDT, 203.78, 9.0, 22:36:42, True
1739158602271, SOLUSDT, 203.79, 33.0, 22:36:42, False
1739158602286, SOLUSDT, 203.8, 10.0, 22:36:42, False
1739158602345, SOLUSDT, 203.81, 2.0, 22:36:42, False
1739158602350, SOLUSDT, 203.82, 3.0, 22:36:42, False
1739158602351, SOLUSDT, 203.83, 31.0, 22:36:42, False
1739158602368, SOLUSDT, 203.84, 19.0, 22:36:42, False
1739158602386, SOLUSDT, 203.85, 6.0, 22:36:42, False
1739158602441, SOLUSDT, 203.86, 20.0, 22:36:42, False
1739158602467, SOLUSDT, 203.87, 3.0, 22:36:42, False
1739158602609, SOLUSDT, 203.86, 4.0, 22:36:42, True
1739158602817, SOLUSDT, 203.86, 25.0, 22:36:42, True
1739158602825, SOLUSDT, 203.85, 1.0, 22:36:42, True
1739158602827, SOLUSDT, 203.84, 4.0, 22:36:42, True
1739158602840, SOLUSDT, 203.83, 27.0, 22:36:42, True
1739158602991, SOLUSDT, 203.83, 20.0, 22:36:42, True
1739158603094, SOLUSDT, 203.83, 5.0, 22:36:43, True
1739158603104, SOLUSDT, 203.84, 2.0, 22:36:43, False
1739158603106, SOLUSDT, 203.83, 54.0, 22:36:43, True
1739158603142, SOLUSDT, 203.82, 1.0, 22:36:43, True
1739158603339, SOLUSDT, 203.81, 1.0, 22:36:43, True
1739158603408, SOLUSDT, 203.82, 9.0, 22:36:43, False
1739158603442, SOLUSDT, 203.83, 1.0, 22:36:43, False
1739158603611, SOLUSDT, 203.83, 41.0, 22:36:43, True
1739158603678, SOLUSDT, 203.84, 20.0, 22:36:43, False
1739158603681, SOLUSDT, 203.85, 19.0, 22:36:43, False
1739158603690, SOLUSDT, 203.86, 27.0, 22:36:43, False
1739158603706, SOLUSDT, 203.87, 12.0, 22:36:43, False
1739158603712, SOLUSDT, 203.88, 12.0, 22:36:43, False
1739158603737, SOLUSDT, 203.89, 71.0, 22:36:43, False
1739158603749, SOLUSDT, 203.9, 52.0, 22:36:43, False
1739158603752, SOLUSDT, 203.91, 19.0, 22:36:43, False
1739158603813, SOLUSDT, 203.92, 2.0, 22:36:43, False
1739158603859, SOLUSDT, 203.91, 47.0, 22:36:43, True
1739158603890, SOLUSDT, 203.92, 7.0, 22:36:43, False
1739158603952, SOLUSDT, 203.92, 2.0, 22:36:43, True
1739158603980, SOLUSDT, 203.93, 27.0, 22:36:43, False
1739158604018, SOLUSDT, 203.94, 15.0, 22:36:44, False
1739158604018, SOLUSDT, 203.95, 27.0, 22:36:44, False
1739158604018, SOLUSDT, 203.96, 19.0, 22:36:44, False
1739158604133, SOLUSDT, 203.96, 1.0, 22:36:44, False
1739158604141, SOLUSDT, 203.95, 1.0, 22:36:44, True
1739158604160, SOLUSDT, 203.96, 1.0, 22:36:44, False
1739158604204, SOLUSDT, 203.95, 27.0, 22:36:44, True
1739158604265, SOLUSDT, 203.95, 22.0, 22:36:44, False
1739158604413, SOLUSDT, 203.95, 39.0, 22:36:44, False
1739158604472, SOLUSDT, 203.95, 3.0, 22:36:44, True
1739158604569, SOLUSDT, 203.96, 59.0, 22:36:44, False
1739158604612, SOLUSDT, 203.963, 23.0, 22:36:44, False
1739158604612, SOLUSDT, 203.97, 23.0, 22:36:44, False
1739158604620, SOLUSDT, 203.98, 64.0, 22:36:44, False
1739158604621, SOLUSDT, 203.99, 70.0, 22:36:44, False
1739158604713, SOLUSDT, 204.0, 113.0, 22:36:44, False
1739158604742, SOLUSDT,858424020,204.0,113.0,1739158604713,False
1739158604738, SOLUSDT, 204.0, 1.0, 22:36:44, True
1739158604744, SOLUSDT, 204.01, 12.0, 22:36:44, False
1739158604744, SOLUSDT, 204.02, 22.0, 22:36:44, False
1739158604744, SOLUSDT, 204.03, 10.0, 22:36:44, False
1739158605042, SOLUSDT, 204.02, 8.0, 22:36:45, True
1739158605634, SOLUSDT, 204.02, 40.0, 22:36:45, True
1739158605762, SOLUSDT, 204.03, 5.0, 22:36:45, False
1739158605928, SOLUSDT, 204.03, 95.0, 22:36:45, False
1739158605997, SOLUSDT,858424028,204.03,95.0,1739158605928,False
1739158605993, SOLUSDT, 204.04, 4.0, 22:36:45, False
1739158606026, SOLUSDT, 204.04, 26.0, 22:36:46, True
1739158606145, SOLUSDT, 204.05, 24.0, 22:36:46, False
1739158606174, SOLUSDT, 204.04, 1.0, 22:36:46, True
1739158606440, SOLUSDT, 204.05, 13.0, 22:36:46, False
1739158606603, SOLUSDT, 204.04, 14.0, 22:36:46, True
1739158606648, SOLUSDT, 204.05, 82.0, 22:36:46, False
1739158606663, SOLUSDT,858424035,204.05,82.0,1739158606648,False
1739158606661, SOLUSDT, 204.06, 3.0, 22:36:46, False
1739158606718, SOLUSDT, 204.07, 110.0, 22:36:46, False
718,False
1739158606856, SOLUSDT, 204.07, 42.0, 22:36:46, True
1739158606872, SOLUSDT, 204.08, 32.0, 22:36:46, False
1739158606941, SOLUSDT, 204.09, 2.0, 22:36:46, False
1739158607232, SOLUSDT,858424042,204.1,112.0,1739158607226,False
1739158607118, SOLUSDT, 204.1, 4.0, 22:36:47, False
1739158607226, SOLUSDT, 204.1, 112.0, 22:36:47, False
1739158607229, SOLUSDT, 204.11, 222.0, 22:36:47, False
1739158607327, SOLUSDT,858424043,204.11,222.0,1739158607229,False
1739158607321, SOLUSDT, 204.12, 45.0, 22:36:47, False
1739158607583, SOLUSDT,858424045,204.12,134.0,1739158607576,True
1739158607576, SOLUSDT, 204.12, 134.0, 22:36:47, True
1739158607580, SOLUSDT, 204.11, 21.0, 22:36:47, True
1739158607589, SOLUSDT, 204.1, 4.0, 22:36:47, True
1739158607624, SOLUSDT, 204.11, 2.0, 22:36:47, True
1739158607648, SOLUSDT, 204.1, 5.0, 22:36:47, True
1739158607651, SOLUSDT, 204.09, 13.0, 22:36:47, True
1739158607652, SOLUSDT, 204.08, 3.0, 22:36:47, True
1739158607652, SOLUSDT, 204.07, 20.0, 22:36:47, True
1739158607659, SOLUSDT, 204.1, 2.0, 22:36:47, False
1739158607659, SOLUSDT, 204.11, 59.0, 22:36:47, False
1739158607699, SOLUSDT,858424055,204.12,351.0,1739158607659,False
1739158607659, SOLUSDT, 204.12, 351.0, 22:36:47, False
1739158607695, SOLUSDT, 204.11, 2.0, 22:36:47, True
1739158607760, SOLUSDT, 204.08, 1.0, 22:36:47, False
1739158607760, SOLUSDT, 204.09, 48.0, 22:36:47, False
1739158607820, SOLUSDT, 204.07, 20.0, 22:36:47, False
1739158607849, SOLUSDT, 204.09, 6.0, 22:36:47, False
1739158607916, SOLUSDT, 204.08, 1.0, 22:36:47, True
1739158607930, SOLUSDT, 204.1, 1.0, 22:36:47, False
1739158607994, SOLUSDT, 204.11, 14.0, 22:36:47, False
1739158608013, SOLUSDT, 204.11, 1.0, 22:36:48, True
1739158608022, SOLUSDT, 204.12, 2.0, 22:36:48, False
1739158608022, SOLUSDT, 204.13, 11.0, 22:36:48, False
1739158608118, SOLUSDT, 204.12, 54.0, 22:36:48, True
1739158608135, SOLUSDT, 204.13, 35.0, 22:36:48, False
1739158608176, SOLUSDT, 204.12, 7.0, 22:36:48, True
1739158608202, SOLUSDT, 204.13, 4.0, 22:36:48, False
1739158608274, SOLUSDT, 204.14, 28.0, 22:36:48, False
1739158608349, SOLUSDT, 204.14, 15.0, 22:36:48, True
1739158608399, SOLUSDT, 204.15, 12.0, 22:36:48, False
1739158608442, SOLUSDT, 204.15, 10.0, 22:36:48, True
1739158608577, SOLUSDT, 204.16, 1.0, 22:36:48, False
1739158608587, SOLUSDT, 204.15, 30.0, 22:36:48, True
1739158608871, SOLUSDT, 204.16, 1.0, 22:36:48, False
1739158608998, SOLUSDT, 204.15, 9.0, 22:36:48, True
1739158609259, SOLUSDT,858424079,204.16,79.0,1739158609185,False
1739158609185, SOLUSDT, 204.16, 79.0, 22:36:49, False
1739158609255, SOLUSDT, 204.17, 3.0, 22:36:49, False
1739158609263, SOLUSDT, 204.16, 8.0, 22:36:49, True
1739158609342, SOLUSDT, 204.17, 15.0, 22:36:49, False
1739158609441, SOLUSDT, 204.16, 4.0, 22:36:49, True
1739158609586, SOLUSDT, 204.17, 14.0, 22:36:49, False
1739158609774, SOLUSDT,858424085,204.17,95.0,1739158609749,False
1739158609778, SOLUSDT,858424086,204.18,96.0,1739158609760,False
1739158609749, SOLUSDT, 204.17, 95.0, 22:36:49, False
1739158609760, SOLUSDT, 204.18, 96.0, 22:36:49, False
1739158609793, SOLUSDT,858424087,204.19,180.0,1739158609763,False
1739158609799, SOLUSDT,858424088,204.2,98.0,1739158609774,False
1739158609763, SOLUSDT, 204.19, 180.0, 22:36:49, False
1739158609802, SOLUSDT,858424089,204.21,199.0,1739158609780,False
1739158609774, SOLUSDT, 204.2, 98.0, 22:36:49, False
1739158609780, SOLUSDT, 204.21, 199.0, 22:36:49, False
1739158609851, SOLUSDT,858424090,204.22,163.0,1739158609783,False
1739158609783, SOLUSDT, 204.22, 163.0, 22:36:49, False
1739158609823, SOLUSDT, 204.2, 1.0, 22:36:49, False
1739158609832, SOLUSDT, 204.22, 75.0, 22:36:49, False
1739158609866, SOLUSDT,858424092,204.22,75.0,1739158609832,False
1739158609879, SOLUSDT,858424093,204.23,163.0,1739158609838,False
1739158609838, SOLUSDT, 204.23, 163.0, 22:36:49, False
1739158609850, SOLUSDT, 204.24, 1.0, 22:36:49, False
1739158609854, SOLUSDT, 204.21, 12.0, 22:36:49, False
1739158609874, SOLUSDT, 204.24, 21.0, 22:36:49, False
1739158609892, SOLUSDT, 204.2, 2.0, 22:36:49, True
1739158609903, SOLUSDT, 204.24, 72.0, 22:36:49, False
1739158609907, SOLUSDT, 204.22, 2.0, 22:36:49, False
1739158609917, SOLUSDT, 204.23, 8.0, 22:36:49, False
1739158609926, SOLUSDT, 204.23, 6.0, 22:36:49, True
1739158609938, SOLUSDT, 204.24, 19.0, 22:36:49, False
1739158609961, SOLUSDT, 204.23, 8.0, 22:36:49, True
1739158609968, SOLUSDT, 204.24, 15.0, 22:36:49, False
1739158609978, SOLUSDT, 204.23, 3.0, 22:36:49, True
1739158609992, SOLUSDT, 204.24, 142.0, 22:36:49, False
1739158610011, SOLUSDT,858424106,204.24,142.0,1739158609992,False
1739158610030, SOLUSDT,858424107,204.25,129.0,1739158610007,False
1739158610007, SOLUSDT, 204.25, 129.0, 22:36:50, False
1739158610027, SOLUSDT, 204.24, 2.0, 22:36:50, False
1739158610027, SOLUSDT, 204.25, 62.0, 22:36:50, False
1739158610043, SOLUSDT, 204.24, 2.0, 22:36:50, True
1739158610047, SOLUSDT, 204.24, 1.0, 22:36:50, False
1739158610047, SOLUSDT, 204.25, 2.0, 22:36:50, False
1739158610048, SOLUSDT, 204.23, 1.0, 22:36:50, True
1739158610062, SOLUSDT,858424114,204.26,150.0,1739158610049,False
1739158610049, SOLUSDT, 204.26, 150.0, 22:36:50, False
1739158610058, SOLUSDT, 204.24, 4.0, 22:36:50, False
1739158610058, SOLUSDT, 204.27, 68.0, 22:36:50, False
1739158610088, SOLUSDT, 204.24, 4.0, 22:36:50, False
1739158610106, SOLUSDT, 204.26, 9.0, 22:36:50, False
1739158610106, SOLUSDT, 204.28, 37.0, 22:36:50, False
1739158610176, SOLUSDT, 204.25, 1.0, 22:36:50, True
1739158610236, SOLUSDT, 204.26, 1.0, 22:36:50, True
1739158610270, SOLUSDT, 204.28, 25.0, 22:36:50, False
1739158610442, SOLUSDT, 204.28, 136.0, 22:36:50, False
1739158610448, SOLUSDT,858424123,204.28,136.0,1739158610442,False
1739158610442, SOLUSDT, 204.29, 152.0, 22:36:50, False
1739158610448, SOLUSDT,858424124,204.29,152.0,1739158610442,False
1739158610442, SOLUSDT, 204.3, 68.0, 22:36:50, False
1739158610442, SOLUSDT, 204.31, 38.0, 22:36:50, False
1739158610442, SOLUSDT, 204.32, 58.0, 22:36:50, False
1739158610592, SOLUSDT, 204.26, 1.0, 22:36:50, True
1739158610607, SOLUSDT, 204.27, 3.0, 22:36:50, False
1739158610607, SOLUSDT, 204.27, 80.0, 22:36:50, True
1739158610733, SOLUSDT,858424130,204.27,80.0,1739158610607,True
1739158610730, SOLUSDT, 204.29, 1.0, 22:36:50, False
1739158610809, SOLUSDT, 204.28, 2.0, 22:36:50, True
1739158610943, SOLUSDT, 204.31, 19.0, 22:36:50, False
1739158611084, SOLUSDT, 204.28, 6.0, 22:36:51, True
1739158611111, SOLUSDT, 204.29, 3.0, 22:36:51, True
1739158611190, SOLUSDT, 204.28, 1.0, 22:36:51, True
1739158611271, SOLUSDT, 204.29, 5.0, 22:36:51, False
1739158611310, SOLUSDT, 204.28, 5.0, 22:36:51, True
1739158611319, SOLUSDT, 204.29, 21.0, 22:36:51, False
1739158611365, SOLUSDT, 204.28, 25.0, 22:36:51, True
1739158611646, SOLUSDT, 204.29, 39.0, 22:36:51, False
1739158611736, SOLUSDT, 204.28, 67.0, 22:36:51, True
1739158611782, SOLUSDT, 204.27, 25.0, 22:36:51, True
1739158611784, SOLUSDT, 204.26, 28.0, 22:36:51, True
1739158611792, SOLUSDT, 204.27, 2.0, 22:36:51, True
1739158611792, SOLUSDT, 204.26, 72.0, 22:36:51, True
1739158611800, SOLUSDT, 204.28, 1.0, 22:36:51, False
1739158611808, SOLUSDT, 204.27, 2.0, 22:36:51, True
1739158611808, SOLUSDT, 204.25, 8.0, 22:36:51, True
1739158611810, SOLUSDT, 204.24, 8.0, 22:36:51, True
1739158611819, SOLUSDT, 204.27, 7.0, 22:36:51, False
1739158611820, SOLUSDT, 204.27, 1082.0, 22:36:51, True
1739158611881, SOLUSDT,858424152,204.27,1082.0,1739158611820,True
1739158611878, SOLUSDT, 204.24, 23.0, 22:36:51, True
1739158611881, SOLUSDT, 204.23, 23.0, 22:36:51, True
1739158611885, SOLUSDT, 204.22, 8.0, 22:36:51, True
1739158611885, SOLUSDT, 204.21, 7.0, 22:36:51, True
1739158611885, SOLUSDT, 204.2, 14.0, 22:36:51, True
1739158611885, SOLUSDT, 204.19, 20.0, 22:36:51, True
1739158611889, SOLUSDT, 204.28, 1.0, 22:36:51, False
1739158611889, SOLUSDT, 204.19, 8.0, 22:36:51, True
1739158611889, SOLUSDT, 204.18, 22.0, 22:36:51, True
1739158611889, SOLUSDT, 204.28, 50.0, 22:36:51, False
1739158611889, SOLUSDT, 204.25, 4.0, 22:36:51, False
1739158611889, SOLUSDT, 204.28, 2.0, 22:36:51, False
1739158611908, SOLUSDT, 204.18, 15.0, 22:36:51, True
1739158611970, SOLUSDT, 204.2, 1.0, 22:36:51, True
1739158611970, SOLUSDT, 204.18, 11.0, 22:36:51, True
1739158611988, SOLUSDT, 204.2, 4.0, 22:36:51, False
1739158612006, SOLUSDT, 204.23, 1.0, 22:36:52, False
1739158612037, SOLUSDT, 204.22, 3.0, 22:36:52, True
1739158612037, SOLUSDT, 204.21, 3.0, 22:36:52, True
1739158612037, SOLUSDT, 204.2, 1.0, 22:36:52, True
1739158612037, SOLUSDT, 204.18, 44.0, 22:36:52, True
1739158612102, SOLUSDT, 204.22, 4.0, 22:36:52, True
1739158612171, SOLUSDT, 204.19, 5.0, 22:36:52, True
1739158612226, SOLUSDT, 204.2, 1.0, 22:36:52, False
1739158612374, SOLUSDT,858424178,204.19,76.0,1739158612228,True
1739158612228, SOLUSDT, 204.19, 76.0, 22:36:52, True
1739158612370, SOLUSDT, 204.19, 12.0, 22:36:52, True
1739158612473, SOLUSDT,858424180,204.2,103.0,1739158612451,False
1739158612451, SOLUSDT, 204.2, 103.0, 22:36:52, False
1739158612473, SOLUSDT,858424182,204.22,78.0,1739158612468,False
1739158612468, SOLUSDT, 204.21, 17.0, 22:36:52, False
1739158612468, SOLUSDT, 204.22, 78.0, 22:36:52, False
1739158612468, SOLUSDT, 204.23, 57.0, 22:36:52, False
1739158612468, SOLUSDT, 204.24, 7.0, 22:36:52, False
1739158612609, SOLUSDT, 204.22, 8.0, 22:36:52, True
1739158612668, SOLUSDT, 204.23, 10.0, 22:36:52, False
1739158612702, SOLUSDT, 204.22, 1.0, 22:36:52, True
1739158612780, SOLUSDT, 204.23, 18.0, 22:36:52, False
1739158612827, SOLUSDT, 204.24, 23.0, 22:36:52, False
1739158612827, SOLUSDT, 204.25, 4.0, 22:36:52, False
1739158612871, SOLUSDT, 204.26, 1.0, 22:36:52, False
1739158612936, SOLUSDT, 204.27, 17.0, 22:36:52, False
1739158612939, SOLUSDT, 204.28, 8.0, 22:36:52, False
1739158612958, SOLUSDT, 204.29, 6.0, 22:36:52, False
1739158612958, SOLUSDT, 204.3, 6.0, 22:36:52, False
1739158612978, SOLUSDT, 204.29, 10.0, 22:36:52, True
1739158612986, SOLUSDT, 204.3, 5.0, 22:36:52, False
1739158613120, SOLUSDT, 204.31, 43.0, 22:36:53, False
1739158613186, SOLUSDT, 204.31, 5.0, 22:36:53, True
1739158613191, SOLUSDT, 204.32, 5.0, 22:36:53, False
1739158613209, SOLUSDT, 204.33, 10.0, 22:36:53, False
1739158613218, SOLUSDT, 204.32, 1.0, 22:36:53, True
1739158613361, SOLUSDT, 204.32, 1.0, 22:36:53, True
1739158613388, SOLUSDT, 204.33, 35.0, 22:36:53, False
1739158613401, SOLUSDT, 204.32, 53.0, 22:36:53, True
1739158613498, SOLUSDT, 204.33, 21.0, 22:36:53, False
1739158613748, SOLUSDT, 204.33, 56.0, 22:36:53, False
1739158613748, SOLUSDT, 204.34, 104.0, 22:36:53, False
1739158613752, SOLUSDT,858424208,204.34,104.0,1739158613748,False
1739158613897, SOLUSDT,858424209,204.35,419.0,1739158613748,False
1739158613897, SOLUSDT,858424210,204.35,133.0,1739158613891,False
1739158613748, SOLUSDT, 204.35, 419.0, 22:36:53, False
1739158613891, SOLUSDT, 204.35, 133.0, 22:36:53, False
1739158613891, SOLUSDT, 204.36, 39.0, 22:36:53, False
1739158614027, SOLUSDT, 204.35, 8.0, 22:36:54, True
1739158614079, SOLUSDT, 204.34, 3.0, 22:36:54, True
1739158614079, SOLUSDT, 204.33, 4.0, 22:36:54, True
1739158614309, SOLUSDT,858424215,204.33,98.0,1739158614301,True
1739158614301, SOLUSDT, 204.33, 98.0, 22:36:54, True
1739158614305, SOLUSDT, 204.32, 13.0, 22:36:54, True
1739158614310, SOLUSDT, 204.31, 48.0, 22:36:54, True
1739158614333, SOLUSDT, 204.3, 5.0, 22:36:54, True
1739158614390, SOLUSDT, 204.31, 106.0, 22:36:54, False
1739158614407, SOLUSDT,858424219,204.31,106.0,1739158614390,False
1739158614405, SOLUSDT, 204.3, 3.0, 22:36:54, True
1739158614561, SOLUSDT, 204.31, 2.0, 22:36:54, False
1739158614589, SOLUSDT, 204.3, 83.0, 22:36:54, True
1739158614614, SOLUSDT,858424222,204.3,83.0,1739158614589,True
1739158614610, SOLUSDT, 204.3, 1.0, 22:36:54, False
1739158614618, SOLUSDT, 204.29, 3.0, 22:36:54, True
1739158614750, SOLUSDT, 204.28, 2.0, 22:36:54, True
1739158614757, SOLUSDT, 204.27, 2.0, 22:36:54, True
1739158614804, SOLUSDT, 204.26, 2.0, 22:36:54, True
1739158614804, SOLUSDT, 204.25, 3.0, 22:36:54, True
1739158615002, SOLUSDT, 204.26, 1.0, 22:36:55, False
1739158615021, SOLUSDT, 204.25, 1.0, 22:36:55, True
1739158615051, SOLUSDT, 204.24, 7.0, 22:36:55, True
1739158615067, SOLUSDT, 204.23, 34.0, 22:36:55, True
1739158615076, SOLUSDT, 204.23, 22.0, 22:36:55, False
1739158615150, SOLUSDT, 204.22, 6.0, 22:36:55, True
1739158615255, SOLUSDT, 204.23, 26.0, 22:36:55, False
1739158615345, SOLUSDT, 204.22, 5.0, 22:36:55, True
1739158615421, SOLUSDT, 204.23, 26.0, 22:36:55, False
1739158615484, SOLUSDT, 204.25, 4.0, 22:36:55, False
1739158615484, SOLUSDT, 204.26, 15.0, 22:36:55, False
1739158615509, SOLUSDT, 204.25, 22.0, 22:36:55, True
1739158615520, SOLUSDT, 204.26, 2.0, 22:36:55, False
1739158615576, SOLUSDT, 204.25, 3.0, 22:36:55, True
1739158615622, SOLUSDT, 204.26, 1.0, 22:36:55, False
1739158615782, SOLUSDT, 204.26, 10.0, 22:36:55, False
1739158615792, SOLUSDT, 204.25, 17.0, 22:36:55, True
1739158615876, SOLUSDT, 204.23, 6.0, 22:36:55, True
1739158615899, SOLUSDT, 204.23, 278.0, 22:36:55, False
1739158615935, SOLUSDT,858424247,204.23,278.0,1739158615899,False
1739158615930, SOLUSDT, 204.24, 73.0, 22:36:55, False
1739158615930, SOLUSDT, 204.25, 108.0, 22:36:55, False
1739158615984, SOLUSDT,858424249,204.25,108.0,1739158615930,False
1739158615978, SOLUSDT, 204.24, 3.0, 22:36:55, True
1739158616028, SOLUSDT,858424251,204.22,76.0,1739158615987,True
1739158615987, SOLUSDT, 204.22, 76.0, 22:36:55, True
1739158616020, SOLUSDT, 204.22, 20.0, 22:36:56, False
1739158616312, SOLUSDT, 204.22, 9.0, 22:36:56, True
1739158616449, SOLUSDT, 204.23, 29.0, 22:36:56, False
1739158616678, SOLUSDT, 204.22, 32.0, 22:36:56, True
1739158616779, SOLUSDT, 204.23, 15.0, 22:36:56, False
1739158616786, SOLUSDT, 204.24, 4.0, 22:36:56, False
1739158616820, SOLUSDT, 204.25, 3.0, 22:36:56, False
1739158616820, SOLUSDT, 204.26, 7.0, 22:36:56, False
1739158616859, SOLUSDT, 204.27, 1.0, 22:36:56, False
1739158616998, SOLUSDT, 204.26, 26.0, 22:36:56, True
1739158617177, SOLUSDT, 204.26, 133.0, 22:36:57, True
1739158617184, SOLUSDT,858424262,204.26,133.0,1739158617177,True
1739158617180, SOLUSDT, 204.25, 11.0, 22:36:57, True
1739158617238, SOLUSDT, 204.24, 957.0, 22:36:57, True
1739158617247, SOLUSDT,858424264,204.24,957.0,1739158617238,True
1739158617245, SOLUSDT, 204.23, 1.0, 22:36:57, True
1739158617252, SOLUSDT, 204.22, 3.0, 22:36:57, True
1739158617344, SOLUSDT, 204.21, 4.0, 22:36:57, True
1739158617527, SOLUSDT, 204.21, 24.0, 22:36:57, True
1739158617672, SOLUSDT, 204.22, 10.0, 22:36:57, False
1739158617704, SOLUSDT, 204.21, 2.0, 22:36:57, True
1739158617778, SOLUSDT, 204.22, 2.0, 22:36:57, False
1739158617797, SOLUSDT, 204.21, 224.0, 22:36:57, True
1739158617953, SOLUSDT,858424272,204.21,224.0,1739158617797,True
1739158617969, SOLUSDT, 204.2, 15.0, 22:36:57, True
1739158617971, SOLUSDT, 204.19, 99.0, 22:36:57, True
7971,True
1739158617973, SOLUSDT, 204.18, 40.0, 22:36:57, True
1739158618018, SOLUSDT, 204.17, 31.0, 22:36:58, True
1739158618047, SOLUSDT, 204.16, 4.0, 22:36:58, True
1739158618087, SOLUSDT, 204.17, 270.0, 22:36:58, False
1739158618135, SOLUSDT,858424278,204.17,270.0,1739158618087,False
1739158618131, SOLUSDT, 204.18, 6.0, 22:36:58, False
1739158618147, SOLUSDT, 204.18, 5.0, 22:36:58, True
1739158618185, SOLUSDT, 204.2, 1.0, 22:36:58, False
1739158618240, SOLUSDT, 204.2, 1.0, 22:36:58, True
1739158618270, SOLUSDT, 204.21, 2.0, 22:36:58, False
1739158618275, SOLUSDT,858424286,204.24,77.0,1739158618270,False
1739158618270, SOLUSDT, 204.22, 18.0, 22:36:58, False
1739158618270, SOLUSDT, 204.23, 25.0, 22:36:58, False
1739158618270, SOLUSDT, 204.24, 77.0, 22:36:58, False
1739158618270, SOLUSDT, 204.25, 72.0, 22:36:58, False
1739158618307, SOLUSDT, 204.26, 3.0, 22:36:58, False
1739158618427, SOLUSDT, 204.25, 25.0, 22:36:58, True
1739158618454, SOLUSDT, 204.26, 1.0, 22:36:58, False
1739158618571, SOLUSDT, 204.26, 21.0, 22:36:58, True
1739158618573, SOLUSDT, 204.25, 40.0, 22:36:58, True
1739158618591, SOLUSDT, 204.23, 2.0, 22:36:58, True
1739158618705, SOLUSDT, 204.22, 2.0, 22:36:58, True
1739158618705, SOLUSDT, 204.21, 2.0, 22:36:58, True
1739158618861, SOLUSDT, 204.21, 11.0, 22:36:58, False
1739158618861, SOLUSDT, 204.22, 24.0, 22:36:58, False
1739158618861, SOLUSDT, 204.23, 65.0, 22:36:58, False
1739158618903, SOLUSDT, 204.23, 9.0, 22:36:58, True
1739158619027, SOLUSDT, 204.21, 314.0, 22:36:59, False
1739158619033, SOLUSDT,858424300,204.21,314.0,1739158619027,False
1739158619030, SOLUSDT, 204.21, 11.0, 22:36:59, True
1739158619056, SOLUSDT, 204.22, 1.0, 22:36:59, False
1739158619175, SOLUSDT, 204.22, 11.0, 22:36:59, False
1739158619235, SOLUSDT, 204.21, 4.0, 22:36:59, True
1739158619468, SOLUSDT, 204.22, 3.0, 22:36:59, False
1739158619653, SOLUSDT, 204.21, 907.0, 22:36:59, True
1739158619712, SOLUSDT,858424306,204.21,907.0,1739158619653,True
1739158619706, SOLUSDT, 204.2, 15.0, 22:36:59, True
1739158619821, SOLUSDT, 204.19, 14.0, 22:36:59, True
1739158619854, SOLUSDT, 204.18, 9.0, 22:36:59, True
1739158619993, SOLUSDT, 204.18, 65.0, 22:36:59, True
1739158620052, SOLUSDT, 204.17, 9.0, 22:37:00, True
1739158620057, SOLUSDT, 204.16, 9.0, 22:37:00, True
1739158620059, SOLUSDT, 204.15, 5.0, 22:37:00, True
1739158620201, SOLUSDT, 204.14, 9.0, 22:37:00, True
1739158620255, SOLUSDT, 204.13, 2.0, 22:37:00, True
1739158620371, SOLUSDT, 204.13, 31.0, 22:37:00, True
1739158620493, SOLUSDT, 204.12, 4.0, 22:37:00, True
1739158620494, SOLUSDT, 204.11, 46.0, 22:37:00, True
1739158620494, SOLUSDT, 204.1, 69.0, 22:37:00, True
1739158620494, SOLUSDT, 204.09, 25.0, 22:37:00, True
1739158620494, SOLUSDT, 204.08, 25.0, 22:37:00, True
1739158620525, SOLUSDT, 204.09, 89.0, 22:37:00, False
525,False
1739158620525, SOLUSDT, 204.1, 64.0, 22:37:00, False
1739158620678, SOLUSDT, 204.1, 69.0, 22:37:00, True
1739158620687, SOLUSDT, 204.1, 1.0, 22:37:00, False
1739158620767, SOLUSDT, 204.09, 4.0, 22:37:00, True
1739158620888, SOLUSDT, 204.07, 35.0, 22:37:00, True
1739158620903, SOLUSDT, 204.06, 15.0, 22:37:00, True
1739158620913, SOLUSDT, 204.05, 11.0, 22:37:00, True
1739158620915, SOLUSDT, 204.04, 3.0, 22:37:00, True
1739158620915, SOLUSDT, 204.03, 9.0, 22:37:00, True
1739158621011, SOLUSDT, 204.02, 6.0, 22:37:01, True
1739158621011, SOLUSDT, 204.01, 17.0, 22:37:01, True
1739158621292, SOLUSDT, 204.04, 4.0, 22:37:01, False
1739158621313, SOLUSDT, 204.06, 40.0, 22:37:01, False
1739158621317, SOLUSDT, 204.07, 29.0, 22:37:01, False
1739158621339, SOLUSDT, 204.08, 2.0, 22:37:01, False
1739158621442, SOLUSDT, 204.07, 1.0, 22:37:01, True
1739158621484, SOLUSDT, 204.08, 11.0, 22:37:01, False
1739158621487, SOLUSDT, 204.09, 4.0, 22:37:01, False
1739158621503, SOLUSDT, 204.09, 23.0, 22:37:01, True
1739158621638, SOLUSDT, 204.09, 9.0, 22:37:01, True
1739158621713, SOLUSDT, 204.08, 9.0, 22:37:01, True
1739158621795, SOLUSDT, 204.09, 1.0, 22:37:01, False
1739158622050, SOLUSDT, 204.08, 66.0, 22:37:02, True
1739158622050, SOLUSDT, 204.07, 79.0, 22:37:02, True
1739158622054, SOLUSDT,858424346,204.07,79.0,1739158622050,True
1739158622050, SOLUSDT, 204.06, 60.0, 22:37:02, True
1739158622080, SOLUSDT, 204.05, 39.0, 22:37:02, True
1739158622157, SOLUSDT, 204.04, 2.0, 22:37:02, True
1739158622198, SOLUSDT, 204.05, 1.0, 22:37:02, False
1739158622202, SOLUSDT, 204.04, 3.0, 22:37:02, True
1739158622297, SOLUSDT, 204.03, 1.0, 22:37:02, True
1739158622334, SOLUSDT, 204.02, 2.0, 22:37:02, True
1739158622362, SOLUSDT, 204.01, 1.0, 22:37:02, True
1739158622384, SOLUSDT, 204.0, 14.0, 22:37:02, True
1739158622466, SOLUSDT, 204.01, 5.0, 22:37:02, False
1739158622487, SOLUSDT, 204.02, 4.0, 22:37:02, False
1739158622487, SOLUSDT, 204.04, 5.0, 22:37:02, False
1739158622563, SOLUSDT, 204.05, 31.0, 22:37:02, False
1739158622623, SOLUSDT, 204.05, 7.0, 22:37:02, True
1739158622863, SOLUSDT, 204.03, 3.0, 22:37:02, True
1739158622935, SOLUSDT, 204.02, 1.0, 22:37:02, True
1739158622935, SOLUSDT, 204.01, 10.0, 22:37:02, True
1739158622936, SOLUSDT, 204.0, 9.0, 22:37:02, True
1739158622983, SOLUSDT, 203.99, 2.0, 22:37:02, True
1739158623000, SOLUSDT, 203.98, 3.0, 22:37:03, True
1739158623018, SOLUSDT,858424367,203.99,100.0,1739158623012,False
1739158623012, SOLUSDT, 203.99, 100.0, 22:37:03, False
1739158623015, SOLUSDT, 203.98, 12.0, 22:37:03, False
1739158623025, SOLUSDT, 203.99, 107.0, 22:37:03, False
1739158623062, SOLUSDT,858424369,203.99,107.0,1739158623025,False
1739158623060, SOLUSDT, 203.99, 2.0, 22:37:03, True
1739158623124, SOLUSDT, 203.98, 2.0, 22:37:03, False
1739158623130, SOLUSDT, 203.97, 3.0, 22:37:03, True
1739158623135, SOLUSDT, 203.97, 1.0, 22:37:03, False
1739158623186, SOLUSDT, 203.963, 23.0, 22:37:03, True
1739158623186, SOLUSDT, 203.96, 96.0, 22:37:03, True
1739158623237, SOLUSDT,858424375,203.96,96.0,1739158623186,True
1739158623234, SOLUSDT, 203.95, 2.0, 22:37:03, True
1739158623234, SOLUSDT, 203.94, 5.0, 22:37:03, True
1739158623235, SOLUSDT, 203.93, 2.0, 22:37:03, True
1739158623452, SOLUSDT, 203.92, 12.0, 22:37:03, True
1739158623626, SOLUSDT, 203.92, 5.0, 22:37:03, True
1739158623654, SOLUSDT, 203.93, 2.0, 22:37:03, False
1739158623657, SOLUSDT, 203.94, 10.0, 22:37:03, False
1739158623777, SOLUSDT, 203.94, 10.0, 22:37:03, True
1739158623781, SOLUSDT, 203.93, 15.0, 22:37:03, True
1739158623898, SOLUSDT, 203.92, 3.0, 22:37:03, True
1739158623914, SOLUSDT, 203.93, 10.0, 22:37:03, False
1739158623918, SOLUSDT, 203.94, 1.0, 22:37:03, False
1739158623919, SOLUSDT, 203.95, 6.0, 22:37:03, False
1739158624018, SOLUSDT, 203.96, 2.0, 22:37:04, False
1739158624029, SOLUSDT, 203.97, 2.0, 22:37:04, False
1739158624029, SOLUSDT, 203.98, 22.0, 22:37:04, False
1739158624042, SOLUSDT, 203.97, 16.0, 22:37:04, True
1739158624124, SOLUSDT, 203.98, 1.0, 22:37:04, False
1739158624126, SOLUSDT, 203.97, 1.0, 22:37:04, True
1739158624148, SOLUSDT, 203.95, 1.0, 22:37:04, True
1739158624156, SOLUSDT, 203.96, 1.0, 22:37:04, False
1739158624242, SOLUSDT, 203.95, 215.0, 22:37:04, True
1739158624388, SOLUSDT,858424397,203.95,215.0,1739158624242,True
1739158624384, SOLUSDT, 203.96, 36.0, 22:37:04, False
1739158624407, SOLUSDT, 203.96, 2.0, 22:37:04, True
1739158624453, SOLUSDT, 203.97, 4.0, 22:37:04, False
1739158624457, SOLUSDT, 203.98, 2.0, 22:37:04, False
1739158624538, SOLUSDT, 203.99, 23.0, 22:37:04, False
1739158624541, SOLUSDT, 204.0, 4.0, 22:37:04, False
1739158624542, SOLUSDT, 204.01, 5.0, 22:37:04, False
1739158624542, SOLUSDT, 204.02, 6.0, 22:37:04, False
1739158624637, SOLUSDT, 204.03, 3.0, 22:37:04, False
1739158624670, SOLUSDT, 204.03, 36.0, 22:37:04, True
1739158624804, SOLUSDT, 204.04, 24.0, 22:37:04, False
1739158624812, SOLUSDT, 204.05, 19.0, 22:37:04, False
1739158624873, SOLUSDT,858424412,204.08,211.0,1739158624850,False
1739158624823, SOLUSDT, 204.06, 68.0, 22:37:04, False
1739158624850, SOLUSDT, 204.07, 54.0, 22:37:04, False
1739158624850, SOLUSDT, 204.08, 211.0, 22:37:04, False
1739158624851, SOLUSDT, 204.09, 129.0, 22:37:04, False
1739158625004, SOLUSDT,858424413,204.09,129.0,1739158624851,False
1739158625000, SOLUSDT, 204.1, 21.0, 22:37:05, False
1739158625140, SOLUSDT, 204.1, 4.0, 22:37:05, True
1739158625226, SOLUSDT, 204.11, 1.0, 22:37:05, False
1739158625256, SOLUSDT, 204.1, 8.0, 22:37:05, True
1739158625303, SOLUSDT, 204.11, 11.0, 22:37:05, False
1739158625353, SOLUSDT, 204.12, 1.0, 22:37:05, False
1739158625470, SOLUSDT, 204.12, 6.0, 22:37:05, False
1739158625538, SOLUSDT, 204.13, 4.0, 22:37:05, False
1739158625590, SOLUSDT, 204.14, 10.0, 22:37:05, False
1739158625597, SOLUSDT, 204.15, 9.0, 22:37:05, False
1739158625810, SOLUSDT, 204.16, 15.0, 22:37:05, False
1739158625934, SOLUSDT, 204.17, 2.0, 22:37:05, False
1739158626010, SOLUSDT,858424426,204.18,106.0,1739158625958,False
1739158625958, SOLUSDT, 204.18, 106.0, 22:37:05, False
1739158626006, SOLUSDT, 204.19, 1.0, 22:37:06, False
1739158626083, SOLUSDT, 204.18, 57.0, 22:37:06, True
1739158626174, SOLUSDT, 204.17, 2.0, 22:37:06, True
1739158626175, SOLUSDT, 204.16, 8.0, 22:37:06, True
1739158626179, SOLUSDT, 204.15, 52.0, 22:37:06, True
1739158626387, SOLUSDT, 204.14, 211.0, 22:37:06, True
1739158626449, SOLUSDT,858424432,204.14,211.0,1739158626387,True
1739158626445, SOLUSDT, 204.15, 15.0, 22:37:06, False
1739158626453, SOLUSDT, 204.16, 3.0, 22:37:06, False
1739158626546, SOLUSDT, 204.17, 34.0, 22:37:06, True
1739158626551, SOLUSDT, 204.18, 24.0, 22:37:06, False
1739158626588, SOLUSDT, 204.17, 3.0, 22:37:06, True
1739158626644, SOLUSDT, 204.19, 15.0, 22:37:06, False
1739158626652, SOLUSDT, 204.2, 5.0, 22:37:06, False
1739158626662, SOLUSDT, 204.21, 35.0, 22:37:06, False
1739158626731, SOLUSDT, 204.22, 32.0, 22:37:06, False
1739158626732, SOLUSDT, 204.23, 49.0, 22:37:06, False
1739158626861, SOLUSDT,858424443,204.22,79.0,1739158626763,True
1739158626763, SOLUSDT, 204.22, 79.0, 22:37:06, True
1739158626858, SOLUSDT, 204.23, 1.0, 22:37:06, False
1739158626898, SOLUSDT, 204.22, 1.0, 22:37:06, True
1739158627061, SOLUSDT, 204.23, 11.0, 22:37:07, True
1739158627099, SOLUSDT, 204.22, 28.0, 22:37:07, True
1739158627099, SOLUSDT, 204.21, 8.0, 22:37:07, True
1739158627252, SOLUSDT, 204.21, 6.0, 22:37:07, False
1739158627439, SOLUSDT, 204.24, 9.0, 22:37:07, False
1739158627442, SOLUSDT, 204.25, 6.0, 22:37:07, False
1739158627489, SOLUSDT, 204.26, 3.0, 22:37:07, False
1739158627515, SOLUSDT, 204.25, 21.0, 22:37:07, True
1739158627667, SOLUSDT, 204.25, 112.0, 22:37:07, True
1739158627671, SOLUSDT,858424454,204.25,112.0,1739158627667,True
1739158627667, SOLUSDT, 204.24, 126.0, 22:37:07, True
1739158627671, SOLUSDT,858424455,204.24,126.0,1739158627667,True
1739158627667, SOLUSDT, 204.23, 6.0, 22:37:07, True
1739158627752, SOLUSDT, 204.24, 11.0, 22:37:07, False
1739158627934, SOLUSDT, 204.24, 21.0, 22:37:07, False
1739158628030, SOLUSDT, 204.25, 1.0, 22:37:08, False
1739158628121, SOLUSDT, 204.25, 9.0, 22:37:08, True
1739158628246, SOLUSDT, 204.25, 20.0, 22:37:08, True
1739158628465, SOLUSDT, 204.26, 51.0, 22:37:08, False
1739158628471, SOLUSDT, 204.27, 36.0, 22:37:08, False
1739158628495, SOLUSDT, 204.28, 47.0, 22:37:08, False
1739158628517, SOLUSDT, 204.29, 9.0, 22:37:08, False
1739158628578, SOLUSDT, 204.3, 2.0, 22:37:08, False
1739158628666, SOLUSDT, 204.29, 11.0, 22:37:08, True
1739158628952, SOLUSDT, 204.29, 91.0, 22:37:08, True
1739158629106, SOLUSDT,858424468,204.29,91.0,1739158628952,True
1739158629150, SOLUSDT, 204.29, 1.0, 22:37:09, False
1739158629266, SOLUSDT, 204.28, 11.0, 22:37:09, True
1739158629464, SOLUSDT, 204.28, 29.0, 22:37:09, True
1739158629554, SOLUSDT, 204.29, 13.0, 22:37:09, False
1739158629656, SOLUSDT,858424476,204.33,96.0,1739158629652,False
1739158629652, SOLUSDT, 204.3, 12.0, 22:37:09, False
1739158629652, SOLUSDT, 204.31, 8.0, 22:37:09, False
1739158629652, SOLUSDT, 204.32, 29.0, 22:37:09, False
1739158629652, SOLUSDT, 204.33, 96.0, 22:37:09, False
1739158629652, SOLUSDT, 204.34, 53.0, 22:37:09, False
1739158629712, SOLUSDT,858424478,204.32,125.0,1739158629658,True
1739158629658, SOLUSDT, 204.32, 125.0, 22:37:09, True
1739158629708, SOLUSDT, 204.32, 30.0, 22:37:09, False
1739158629741, SOLUSDT, 204.33, 3.0, 22:37:09, False
1739158629741, SOLUSDT, 204.34, 5.0, 22:37:09, False
1739158629741, SOLUSDT, 204.35, 50.0, 22:37:09, False
1739158629774, SOLUSDT,858424483,204.36,239.0,1739158629741,False
1739158629741, SOLUSDT, 204.36, 239.0, 22:37:09, False
1739158629771, SOLUSDT, 204.34, 7.0, 22:37:09, False
1739158629817, SOLUSDT, 204.35, 1.0, 22:37:09, False
1739158629883, SOLUSDT, 204.36, 5.0, 22:37:09, False
1739158629912, SOLUSDT, 204.37, 5.0, 22:37:09, False
1739158630009, SOLUSDT, 204.37, 9.0, 22:37:10, True
1739158630032, SOLUSDT, 204.36, 110.0, 22:37:10, False
1739158630100, SOLUSDT,858424489,204.36,110.0,1739158630032,False
1739158630178, SOLUSDT,858424490,204.35,85.0,1739158630097,False
1739158630178, SOLUSDT,858424491,204.36,92.0,1739158630173,False
1739158630097, SOLUSDT, 204.35, 85.0, 22:37:10, False
1739158630173, SOLUSDT, 204.36, 92.0, 22:37:10, False
1739158630173, SOLUSDT, 204.37, 38.0, 22:37:10, False
1739158630295, SOLUSDT, 204.36, 6.0, 22:37:10, True
1739158630367, SOLUSDT, 204.37, 9.0, 22:37:10, False
1739158630367, SOLUSDT, 204.38, 21.0, 22:37:10, False
1739158630375, SOLUSDT, 204.37, 25.0, 22:37:10, True
1739158630383, SOLUSDT, 204.38, 1.0, 22:37:10, False
1739158630417, SOLUSDT, 204.39, 107.0, 22:37:10, False
1739158630456, SOLUSDT,858424498,204.39,107.0,1739158630417,False
1739158630451, SOLUSDT, 204.4, 42.0, 22:37:10, False
1739158630451, SOLUSDT, 204.41, 80.0, 22:37:10, False
1739158630474, SOLUSDT,858424500,204.41,80.0,1739158630451,False
1739158630470, SOLUSDT, 204.4, 46.0, 22:37:10, True
1739158630477, SOLUSDT, 204.39, 8.0, 22:37:10, True
1739158630549, SOLUSDT, 204.4, 24.0, 22:37:10, False
1739158630685, SOLUSDT, 204.39, 73.0, 22:37:10, True
1739158630785, SOLUSDT, 204.38, 10.0, 22:37:10, False
1739158630790, SOLUSDT, 204.37, 1.0, 22:37:10, True
1739158630792, SOLUSDT, 204.36, 52.0, 22:37:10, True
1739158630828, SOLUSDT, 204.35, 16.0, 22:37:10, True
1739158631024, SOLUSDT, 204.35, 5.0, 22:37:11, True
1739158631024, SOLUSDT, 204.34, 82.0, 22:37:11, True
1739158631085, SOLUSDT,858424510,204.34,82.0,1739158631024,True
1739158631082, SOLUSDT, 204.33, 16.0, 22:37:11, True
1739158631098, SOLUSDT, 204.32, 8.0, 22:37:11, True
1739158631133, SOLUSDT, 204.31, 4.0, 22:37:11, True
1739158631205, SOLUSDT, 204.32, 336.0, 22:37:11, False
1739158631222, SOLUSDT,858424514,204.32,336.0,1739158631205,False
1739158631218, SOLUSDT, 204.33, 20.0, 22:37:11, False
1739158631226, SOLUSDT, 204.34, 24.0, 22:37:11, False
1739158631229, SOLUSDT, 204.34, 23.0, 22:37:11, True
1739158631268, SOLUSDT, 204.35, 6.0, 22:37:11, False
1739158631306, SOLUSDT, 204.36, 33.0, 22:37:11, False
1739158631339, SOLUSDT, 204.37, 29.0, 22:37:11, False
1739158631387, SOLUSDT, 204.37, 4.0, 22:37:11, True
1739158631639, SOLUSDT, 204.38, 139.0, 22:37:11, False
1739158631669, SOLUSDT,858424522,204.38,139.0,1739158631639,False
1739158631664, SOLUSDT, 204.37, 2.0, 22:37:11, True
1739158631697, SOLUSDT, 204.38, 16.0, 22:37:11, False
1739158631923, SOLUSDT, 204.38, 155.0, 22:37:11, False
1739158632078, SOLUSDT,858424525,204.38,155.0,1739158631923,False
1739158632222, SOLUSDT, 204.37, 21.0, 22:37:12, True
1739158632390, SOLUSDT, 204.37, 6.0, 22:37:12, True
1739158632462, SOLUSDT, 204.38, 1.0, 22:37:12, False
1739158632517, SOLUSDT, 204.37, 4.0, 22:37:12, True
1739158632683, SOLUSDT,858424530,204.37,147.0,1739158632640,True
1739158632640, SOLUSDT, 204.37, 147.0, 22:37:12, True
1739158632678, SOLUSDT, 204.36, 11.0, 22:37:12, True
1739158632678, SOLUSDT, 204.35, 28.0, 22:37:12, True
1739158632679, SOLUSDT, 204.34, 6.0, 22:37:12, True
1739158632694, SOLUSDT, 204.35, 141.0, 22:37:12, False
1739158632700, SOLUSDT,858424534,204.35,141.0,1739158632694,False
1739158632698, SOLUSDT, 204.34, 14.0, 22:37:12, True
1739158632722, SOLUSDT, 204.35, 4.0, 22:37:12, False
1739158632752, SOLUSDT, 204.34, 4.0, 22:37:12, True
1739158632767, SOLUSDT, 204.35, 1.0, 22:37:12, False
1739158632846, SOLUSDT, 204.34, 100.0, 22:37:12, True
1739158633001, SOLUSDT,858424539,204.34,100.0,1739158632846,True
1739158633057, SOLUSDT, 204.33, 2.0, 22:37:13, True
1739158633374, SOLUSDT, 204.33, 5.0, 22:37:13, True
1739158633434, SOLUSDT, 204.32, 76.0, 22:37:13, True
1739158633588, SOLUSDT,858424542,204.32,76.0,1739158633434,True
1739158633728, SOLUSDT, 204.32, 44.0, 22:37:13, True
1739158633752, SOLUSDT, 204.33, 140.0, 22:37:13, False
1739158633907, SOLUSDT,858424544,204.33,140.0,1739158633752,False
1739158634128, SOLUSDT, 204.32, 3.0, 22:37:14, True
1739158634152, SOLUSDT, 204.33, 107.0, 22:37:14, False
1739158634221, SOLUSDT,858424546,204.33,107.0,1739158634152,False
1739158634218, SOLUSDT, 204.34, 8.0, 22:37:14, False
1739158634235, SOLUSDT, 204.35, 27.0, 22:37:14, False
1739158634270, SOLUSDT, 204.36, 5.0, 22:37:14, False
1739158634286, SOLUSDT, 204.37, 3.0, 22:37:14, False
1739158634397, SOLUSDT, 204.36, 59.0, 22:37:14, True
1739158634434, SOLUSDT, 204.35, 91.0, 22:37:14, True
1739158634486, SOLUSDT,858424552,204.35,91.0,1739158634434,True
1739158634483, SOLUSDT, 204.33, 16.0, 22:37:14, True
1739158634639, SOLUSDT,858424554,204.32,110.0,1739158634484,True
1739158634484, SOLUSDT, 204.32, 110.0, 22:37:14, True
1739158634792, SOLUSDT, 204.33, 24.0, 22:37:14, False
1739158634895, SOLUSDT, 204.32, 1.0, 22:37:14, True
1739158634941, SOLUSDT, 204.33, 7.0, 22:37:14, False
1739158635032, SOLUSDT, 204.32, 497.0, 22:37:15, True
1739158635042, SOLUSDT,858424558,204.32,497.0,1739158635032,True
1739158635039, SOLUSDT, 204.31, 15.0, 22:37:15, True
1739158635040, SOLUSDT, 204.3, 1111.0, 22:37:15, True
1739158635099, SOLUSDT,858424560,204.3,1111.0,1739158635040,True
1739158635096, SOLUSDT, 204.3, 5.0, 22:37:15, False
1739158635132, SOLUSDT, 204.29, 2.0, 22:37:15, True
1739158635142, SOLUSDT, 204.28, 11.0, 22:37:15, True
1739158635151, SOLUSDT, 204.29, 7.0, 22:37:15, False
1739158635236, SOLUSDT, 204.28, 1.0, 22:37:15, True
1739158635245, SOLUSDT, 204.28, 5.0, 22:37:15, False
1739158635250, SOLUSDT, 204.27, 4.0, 22:37:15, True
1739158635271, SOLUSDT, 204.26, 2.0, 22:37:15, True
1739158635320, SOLUSDT, 204.27, 11.0, 22:37:15, False
1739158635472, SOLUSDT, 204.27, 139.0, 22:37:15, False
1739158635495, SOLUSDT,858424570,204.27,139.0,1739158635472,False
1739158635491, SOLUSDT, 204.28, 47.0, 22:37:15, False
1739158635537, SOLUSDT, 204.29, 1.0, 22:37:15, False
1739158635538, SOLUSDT, 204.3, 36.0, 22:37:15, False
1739158635539, SOLUSDT, 204.31, 71.0, 22:37:15, False
1739158635542, SOLUSDT, 204.32, 58.0, 22:37:15, False
1739158635546, SOLUSDT, 204.33, 276.0, 22:37:15, False
1739158635606, SOLUSDT,858424576,204.33,276.0,1739158635546,False
1739158635602, SOLUSDT, 204.34, 3.0, 22:37:15, False
1739158635610, SOLUSDT, 204.34, 49.0, 22:37:15, True
1739158635620, SOLUSDT, 204.35, 22.0, 22:37:15, False
1739158635625, SOLUSDT, 204.36, 50.0, 22:37:15, False
1739158635667, SOLUSDT, 204.35, 2.0, 22:37:15, True
1739158635724, SOLUSDT, 204.37, 19.0, 22:37:15, False
1739158635724, SOLUSDT, 204.38, 46.0, 22:37:15, False
1739158635724, SOLUSDT, 204.39, 35.0, 22:37:15, False
1739158635773, SOLUSDT, 204.37, 19.0, 22:37:15, True
1739158635858, SOLUSDT,858424587,204.34,120.0,1739158635855,True
1739158635855, SOLUSDT, 204.35, 32.0, 22:37:15, True
1739158635855, SOLUSDT, 204.34, 120.0, 22:37:15, True
1739158635855, SOLUSDT, 204.33, 55.0, 22:37:15, True
1739158635967, SOLUSDT, 204.32, 39.0, 22:37:15, True
1739158636076, SOLUSDT, 204.31, 2.0, 22:37:16, True
1739158636077, SOLUSDT, 204.3, 23.0, 22:37:16, True
1739158636077, SOLUSDT, 204.29, 36.0, 22:37:16, True
1739158636082, SOLUSDT, 204.28, 4.0, 22:37:16, True
1739158636167, SOLUSDT, 204.27, 8.0, 22:37:16, True
1739158636271, SOLUSDT, 204.27, 3.0, 22:37:16, True
1739158636466, SOLUSDT, 204.27, 30.0, 22:37:16, True
1739158636579, SOLUSDT, 204.27, 99.0, 22:37:16, True
1739158636673, SOLUSDT,858424597,204.27,99.0,1739158636579,True
1739158636667, SOLUSDT, 204.26, 21.0, 22:37:16, True
1739158636669, SOLUSDT, 204.25, 28.0, 22:37:16, True
1739158636723, SOLUSDT, 204.25, 5.0, 22:37:16, False
1739158636724, SOLUSDT, 204.24, 12.0, 22:37:16, True
1739158636841, SOLUSDT, 204.23, 35.0, 22:37:16, True
1739158636845, SOLUSDT, 204.22, 10.0, 22:37:16, True
1739158636845, SOLUSDT, 204.21, 16.0, 22:37:16, True
1739158636845, SOLUSDT, 204.2, 41.0, 22:37:16, True
1739158636922, SOLUSDT, 204.19, 8.0, 22:37:16, True
1739158636924, SOLUSDT, 204.18, 6.0, 22:37:16, True
1739158636926, SOLUSDT, 204.17, 21.0, 22:37:16, True
1739158636929, SOLUSDT, 204.16, 1.0, 22:37:16, True
1739158637211, SOLUSDT, 204.17, 50.0, 22:37:17, False
1739158637253, SOLUSDT, 204.18, 25.0, 22:37:17, False
1739158637324, SOLUSDT, 204.2, 2.0, 22:37:17, False
1739158637446, SOLUSDT, 204.2, 2.0, 22:37:17, True
1739158637572, SOLUSDT, 204.2, 2.0, 22:37:17, True
1739158637643, SOLUSDT, 204.21, 2.0, 22:37:17, False
1739158637682, SOLUSDT, 204.22, 2.0, 22:37:17, False
1739158637682, SOLUSDT, 204.23, 1.0, 22:37:17, False
1739158637711, SOLUSDT, 204.22, 64.0, 22:37:17, True
1739158637862, SOLUSDT, 204.2, 3.0, 22:37:17, True
1739158637873, SOLUSDT, 204.19, 8.0, 22:37:17, True
1739158637896, SOLUSDT, 204.18, 1.0, 22:37:17, True
1739158637948, SOLUSDT, 204.17, 7.0, 22:37:17, False
1739158638025, SOLUSDT, 204.16, 5.0, 22:37:18, True
1739158638196, SOLUSDT, 204.16, 5.0, 22:37:18, True
1739158638293, SOLUSDT, 204.15, 8.0, 22:37:18, True
1739158638874, SOLUSDT, 204.15, 3.0, 22:37:18, True
1739158638978, SOLUSDT, 204.15, 35.0, 22:37:18, True
1739158638984, SOLUSDT, 204.14, 21.0, 22:37:18, True
1739158638984, SOLUSDT, 204.13, 23.0, 22:37:18, True
1739158639135, SOLUSDT, 204.13, 225.0, 22:37:19, False
1739158639139, SOLUSDT,858424630,204.13,225.0,1739158639135,False
1739158639135, SOLUSDT, 204.14, 32.0, 22:37:19, False
1739158639135, SOLUSDT, 204.15, 26.0, 22:37:19, False
1739158639136, SOLUSDT, 204.16, 9.0, 22:37:19, False
1739158639168, SOLUSDT, 204.17, 3.0, 22:37:19, False
1739158639346, SOLUSDT, 204.16, 1.0, 22:37:19, True
1739158639491, SOLUSDT, 204.16, 24.0, 22:37:19, True
1739158639540, SOLUSDT, 204.17, 148.0, 22:37:19, False
1739158639624, SOLUSDT,858424637,204.17,148.0,1739158639540,False
1739158639620, SOLUSDT, 204.18, 14.0, 22:37:19, False
1739158639701, SOLUSDT, 204.19, 14.0, 22:37:19, False
1739158639730, SOLUSDT, 204.2, 3.0, 22:37:19, False
1739158639733, SOLUSDT, 204.21, 5.0, 22:37:19, False
1739158639744, SOLUSDT, 204.22, 49.0, 22:37:19, False
1739158639798, SOLUSDT, 204.23, 15.0, 22:37:19, False
1739158639815, SOLUSDT, 204.24, 3.0, 22:37:19, False
1739158639885, SOLUSDT, 204.25, 3.0, 22:37:19, False
1739158639924, SOLUSDT, 204.26, 40.0, 22:37:19, False
1739158639994, SOLUSDT, 204.27, 5.0, 22:37:19, False
1739158640167, SOLUSDT, 204.27, 37.0, 22:37:20, True
1739158640278, SOLUSDT, 204.27, 8.0, 22:37:20, True
1739158640366, SOLUSDT, 204.25, 37.0, 22:37:20, True
1739158640371, SOLUSDT,858424652,204.23,92.0,1739158640366,True
1739158640366, SOLUSDT, 204.24, 28.0, 22:37:20, True
1739158640366, SOLUSDT, 204.23, 92.0, 22:37:20, True
1739158640366, SOLUSDT, 204.22, 10.0, 22:37:20, True
1739158640779, SOLUSDT, 204.23, 2.0, 22:37:20, False
1739158640816, SOLUSDT, 204.24, 4.0, 22:37:20, False
1739158640880, SOLUSDT, 204.25, 1.0, 22:37:20, False
1739158640952, SOLUSDT, 204.25, 12.0, 22:37:20, True
1739158641070, SOLUSDT, 204.25, 8.0, 22:37:21, True
1739158641269, SOLUSDT, 204.24, 2.0, 22:37:21, False
1739158641464, SOLUSDT, 204.23, 6.0, 22:37:21, True
1739158641468, SOLUSDT, 204.22, 42.0, 22:37:21, True
1739158641468, SOLUSDT, 204.21, 59.0, 22:37:21, True
1739158641484, SOLUSDT, 204.2, 3.0, 22:37:21, True
1739158641484, SOLUSDT, 204.21, 1.0, 22:37:21, False
1739158641489, SOLUSDT, 204.2, 15.0, 22:37:21, True
1739158641489, SOLUSDT, 204.19, 45.0, 22:37:21, True
1739158641539, SOLUSDT, 204.2, 1.0, 22:37:21, False
1739158641540, SOLUSDT, 204.19, 7.0, 22:37:21, True
1739158641540, SOLUSDT, 204.18, 11.0, 22:37:21, True
1739158641628, SOLUSDT, 204.19, 1.0, 22:37:21, False
1739158641663, SOLUSDT, 204.18, 1.0, 22:37:21, True
1739158641667, SOLUSDT, 204.19, 9.0, 22:37:21, False
1739158641768, SOLUSDT, 204.18, 32.0, 22:37:21, True
1739158641768, SOLUSDT, 204.17, 35.0, 22:37:21, True
1739158641768, SOLUSDT, 204.16, 8.0, 22:37:21, True
1739158641897, SOLUSDT, 204.17, 1.0, 22:37:21, False
1739158641938, SOLUSDT, 204.16, 2.0, 22:37:21, True
1739158641983, SOLUSDT, 204.15, 17.0, 22:37:21, True
1739158642045, SOLUSDT, 204.14, 2.0, 22:37:22, True
1739158642045, SOLUSDT, 204.13, 7.0, 22:37:22, True
1739158642073, SOLUSDT, 204.12, 2.0, 22:37:22, True
1739158642388, SOLUSDT, 204.12, 101.0, 22:37:22, True
1739158642406, SOLUSDT,858424682,204.12,101.0,1739158642388,True
1739158642400, SOLUSDT, 204.11, 29.0, 22:37:22, True
1739158642460, SOLUSDT, 204.1, 1.0, 22:37:22, True
1739158642550, SOLUSDT, 204.09, 1.0, 22:37:22, True
1739158642585, SOLUSDT, 204.1, 97.0, 22:37:22, False
1739158642740, SOLUSDT,858424686,204.1,97.0,1739158642585,False
1739158642821, SOLUSDT, 204.09, 8.0, 22:37:22, True
1739158642933, SOLUSDT, 204.08, 19.0, 22:37:22, True
1739158642969, SOLUSDT, 204.07, 2.0, 22:37:22, True
1739158642975, SOLUSDT, 204.06, 7.0, 22:37:22, True
1739158642975, SOLUSDT, 204.05, 9.0, 22:37:22, True
1739158643106, SOLUSDT, 204.05, 3.0, 22:37:23, True
1739158643117, SOLUSDT, 204.04, 4.0, 22:37:23, True
1739158643233, SOLUSDT, 204.04, 5.0, 22:37:23, False
1739158643304, SOLUSDT, 204.03, 23.0, 22:37:23, True
1739158643304, SOLUSDT, 204.02, 5.0, 22:37:23, True
1739158643370, SOLUSDT, 204.02, 1.0, 22:37:23, False
1739158643371, SOLUSDT, 204.01, 4.0, 22:37:23, True
1739158643373, SOLUSDT, 204.0, 20.0, 22:37:23, True
1739158643373, SOLUSDT, 203.99, 8.0, 22:37:23, True
1739158643389, SOLUSDT, 203.98, 4.0, 22:37:23, True
1739158643402, SOLUSDT, 203.99, 7.0, 22:37:23, False
1739158643626, SOLUSDT, 203.98, 16.0, 22:37:23, True
1739158643784, SOLUSDT, 203.97, 16.0, 22:37:23, True
1739158643953, SOLUSDT, 203.97, 4.0, 22:37:23, True
1739158644003, SOLUSDT, 203.98, 309.0, 22:37:24, False
003,False
1739158644106, SOLUSDT, 203.99, 44.0, 22:37:24, False
1739158644107, SOLUSDT, 203.98, 2.0, 22:37:24, False
1739158644107, SOLUSDT, 203.99, 1.0, 22:37:24, False
1739158644168, SOLUSDT, 203.99, 3.0, 22:37:24, True
1739158644307, SOLUSDT, 204.0, 14.0, 22:37:24, False
1739158644312, SOLUSDT, 204.01, 9.0, 22:37:24, False
1739158644312, SOLUSDT, 204.02, 27.0, 22:37:24, False
1739158644369, SOLUSDT,858424714,204.02,113.0,1739158644348,True
1739158644348, SOLUSDT, 204.02, 113.0, 22:37:24, True
1739158644365, SOLUSDT, 204.01, 1.0, 22:37:24, True
1739158644369, SOLUSDT, 204.0, 5.0, 22:37:24, True
1739158644377, SOLUSDT, 203.99, 8.0, 22:37:24, True
1739158644453, SOLUSDT, 203.98, 1.0, 22:37:24, True
1739158644481, SOLUSDT, 203.97, 1.0, 22:37:24, True
1739158644585, SOLUSDT, 203.97, 25.0, 22:37:24, True
1739158644597, SOLUSDT, 203.963, 9.0, 22:37:24, True
1739158644704, SOLUSDT, 203.963, 14.0, 22:37:24, True
1739158644707, SOLUSDT, 203.96, 6.0, 22:37:24, True
644707,True
1739158644707, SOLUSDT, 203.95, 18.0, 22:37:24, True
1739158644707, SOLUSDT, 203.94, 38.0, 22:37:24, True
1739158644707, SOLUSDT, 203.93, 22.0, 22:37:24, True
1739158644707, SOLUSDT, 203.92, 46.0, 22:37:24, True
1739158644707, SOLUSDT, 203.91, 123.0, 22:37:24, True
1739158644711, SOLUSDT, 203.92, 2.0, 22:37:24, False
1739158644715, SOLUSDT, 203.94, 1.0, 22:37:24, False
1739158644809, SOLUSDT, 203.94, 21.0, 22:37:24, True
1739158644937, SOLUSDT, 203.92, 1.0, 22:37:24, True
1739158644950, SOLUSDT, 203.92, 9.0, 22:37:24, False
1739158644999, SOLUSDT, 203.91, 1.0, 22:37:24, True
1739158644999, SOLUSDT, 203.9, 1.0, 22:37:24, True
1739158644999, SOLUSDT, 203.89, 2.0, 22:37:24, True
1739158645032, SOLUSDT, 203.88, 13.0, 22:37:25, True
1739158645032, SOLUSDT, 203.87, 70.0, 22:37:25, True
1739158645032, SOLUSDT, 203.86, 11.0, 22:37:25, True
1739158645211, SOLUSDT, 203.86, 1.0, 22:37:25, True
1739158645297, SOLUSDT, 203.87, 17.0, 22:37:25, False
1739158645308, SOLUSDT, 203.88, 4.0, 22:37:25, False
1739158645397, SOLUSDT, 203.88, 7.0, 22:37:25, True
1739158645543, SOLUSDT, 203.86, 6.0, 22:37:25, True
1739158645566, SOLUSDT, 203.85, 1.0, 22:37:25, True
1739158645631, SOLUSDT, 203.84, 3.0, 22:37:25, True
1739158645631, SOLUSDT, 203.83, 15.0, 22:37:25, True
1739158645690, SOLUSDT, 203.82, 9.0, 22:37:25, True
1739158645938, SOLUSDT, 203.81, 59.0, 22:37:25, True
1739158645957, SOLUSDT, 203.82, 6.0, 22:37:25, False
1739158646004, SOLUSDT, 203.83, 2.0, 22:37:26, False
1739158646007, SOLUSDT, 203.84, 8.0, 22:37:26, False
1739158646008, SOLUSDT, 203.85, 44.0, 22:37:26, False
1739158646048, SOLUSDT, 203.86, 40.0, 22:37:26, False
1739158646068, SOLUSDT, 203.87, 44.0, 22:37:26, False
1739158646107, SOLUSDT, 203.87, 25.0, 22:37:26, True
1739158646113, SOLUSDT, 203.88, 47.0, 22:37:26, False
1739158646165, SOLUSDT, 203.89, 8.0, 22:37:26, False
1739158646170, SOLUSDT, 203.9, 17.0, 22:37:26, False
1739158646237, SOLUSDT, 203.9, 3.0, 22:37:26, True
1739158646278, SOLUSDT, 203.91, 2.0, 22:37:26, False
1739158646346, SOLUSDT, 203.9, 1.0, 22:37:26, True
1739158646516, SOLUSDT, 203.9, 101.0, 22:37:26, True
1739158646572, SOLUSDT, 203.89, 362.0, 22:37:26, True
1739158646636, SOLUSDT, 203.9, 1.0, 22:37:26, False
1739158646651, SOLUSDT, 203.89, 760.0, 22:37:26, True
1739158646683, SOLUSDT, 203.87, 1.0, 22:37:26, True
1739158646683, SOLUSDT, 203.86, 2.0, 22:37:26, True
1739158646683, SOLUSDT, 203.85, 9.0, 22:37:26, True
1739158646683, SOLUSDT, 203.84, 47.0, 22:37:26, True
1739158646690, SOLUSDT, 203.83, 114.0, 22:37:26, True
1739158646746, SOLUSDT, 203.82, 71.0, 22:37:26, True
1739158646893, SOLUSDT, 203.83, 1.0, 22:37:26, False
1739158646955, SOLUSDT, 203.83, 71.0, 22:37:26, True
1739158647278, SOLUSDT, 203.82, 2.0, 22:37:27, True
1739158647312, SOLUSDT, 203.83, 24.0, 22:37:27, False
1739158647360, SOLUSDT, 203.82, 2.0, 22:37:27, True
1739158647483, SOLUSDT, 203.82, 31.0, 22:37:27, True
1739158647485, SOLUSDT, 203.83, 2.0, 22:37:27, False
1739158647559, SOLUSDT, 203.82, 1.0, 22:37:27, True
1739158647678, SOLUSDT, 203.82, 3.0, 22:37:27, True
1739158647844, SOLUSDT, 203.82, 36.0, 22:37:27, True
1739158647848, SOLUSDT, 203.8, 10.0, 22:37:27, True
1739158647850, SOLUSDT, 203.79, 11.0, 22:37:27, True
1739158647850, SOLUSDT, 203.78, 23.0, 22:37:27, True
1739158647957, SOLUSDT, 203.78, 40.0, 22:37:27, True
1739158647980, SOLUSDT, 203.78, 2.0, 22:37:27, False
1739158648046, SOLUSDT, 203.77, 3.0, 22:37:28, True
1739158648092, SOLUSDT, 203.78, 18.0, 22:37:28, False
1739158648114, SOLUSDT, 203.77, 84.0, 22:37:28, True
1739158648235, SOLUSDT, 203.78, 23.0, 22:37:28, False
1739158648244, SOLUSDT, 203.79, 5.0, 22:37:28, False
1739158648289, SOLUSDT, 203.81, 54.0, 22:37:28, False
1739158648291, SOLUSDT, 203.81, 1.0, 22:37:28, True
1739158648319, SOLUSDT, 203.82, 2.0, 22:37:28, False
1739158648334, SOLUSDT, 203.83, 10.0, 22:37:28, False
1739158648340, SOLUSDT, 203.84, 8.0, 22:37:28, False
1739158648442, SOLUSDT, 203.85, 16.0, 22:37:28, False
1739158648442, SOLUSDT, 203.86, 54.0, 22:37:28, False
1739158648457, SOLUSDT, 203.87, 44.0, 22:37:28, False
1739158648540, SOLUSDT, 203.87, 20.0, 22:37:28, True
1739158648686, SOLUSDT, 203.87, 42.0, 22:37:28, True
1739158648734, SOLUSDT, 203.87, 13.0, 22:37:28, False
1739158648739, SOLUSDT, 203.86, 19.0, 22:37:28, True
1739158648810, SOLUSDT, 203.87, 14.0, 22:37:28, False
1739158648837, SOLUSDT, 203.88, 37.0, 22:37:28, False
1739158648906, SOLUSDT, 203.89, 2.0, 22:37:28, False
1739158648911, SOLUSDT, 203.9, 11.0, 22:37:28, False
1739158648927, SOLUSDT, 203.91, 6.0, 22:37:28, False
1739158648976, SOLUSDT, 203.92, 4.0, 22:37:28, False
1739158649006, SOLUSDT, 203.93, 3.0, 22:37:29, False
1739158649095, SOLUSDT, 203.93, 38.0, 22:37:29, True
1739158649352, SOLUSDT, 203.9, 11.0, 22:37:29, True
1739158649376, SOLUSDT, 203.91, 13.0, 22:37:29, False
1739158649380, SOLUSDT, 203.92, 7.0, 22:37:29, True
1739158649449, SOLUSDT, 203.93, 12.0, 22:37:29, True
1739158649558, SOLUSDT, 203.93, 16.0, 22:37:29, True
1739158649746, SOLUSDT, 203.92, 10.0, 22:37:29, False
1739158649769, SOLUSDT, 203.93, 14.0, 22:37:29, True
1739158649892, SOLUSDT, 203.94, 1.0, 22:37:29, False
1739158650165, SOLUSDT, 203.93, 1.0, 22:37:30, True
1739158650300, SOLUSDT, 203.93, 4.0, 22:37:30, True
1739158650342, SOLUSDT, 203.94, 3.0, 22:37:30, False
1739158650357, SOLUSDT, 203.93, 104.0, 22:37:30, True
1739158650471, SOLUSDT, 203.94, 15.0, 22:37:30, False
1739158650481, SOLUSDT, 203.94, 2.0, 22:37:30, True
1739158650511, SOLUSDT, 203.95, 18.0, 22:37:30, False
1739158650511, SOLUSDT, 203.96, 7.0, 22:37:30, False
1739158650603, SOLUSDT, 203.96, 3.0, 22:37:30, True
1739158650722, SOLUSDT, 203.97, 3.0, 22:37:30, False
1739158650724, SOLUSDT, 203.98, 6.0, 22:37:30, False
1739158650799, SOLUSDT, 203.98, 252.0, 22:37:30, True
1739158650830, SOLUSDT, 203.97, 1.0, 22:37:30, True
1739158650936, SOLUSDT, 203.96, 24.0, 22:37:30, True
1739158650987, SOLUSDT, 203.95, 7.0, 22:37:30, False
1739158651098, SOLUSDT, 203.95, 78.0, 22:37:31, False
1739158651099, SOLUSDT, 203.96, 190.0, 22:37:31, False
1739158651100, SOLUSDT, 203.97, 527.0, 22:37:31, False
1739158651113, SOLUSDT, 203.98, 32.0, 22:37:31, False
1739158651151, SOLUSDT, 203.98, 205.0, 22:37:31, True
1739158651297, SOLUSDT, 203.95, 1.0, 22:37:31, True
1739158651334, SOLUSDT, 203.96, 1.0, 22:37:31, False
1739158651566, SOLUSDT, 203.96, 12.0, 22:37:31, False
1739158651608, SOLUSDT, 203.98, 1.0, 22:37:31, False
1739158651618, SOLUSDT, 203.99, 46.0, 22:37:31, False
1739158651644, SOLUSDT, 203.99, 24.0, 22:37:31, True
1739158651683, SOLUSDT, 204.0, 3.0, 22:37:31, False
1739158651801, SOLUSDT, 204.0, 65.0, 22:37:31, True
1739158651835, SOLUSDT, 203.99, 75.0, 22:37:31, True
1739158651939, SOLUSDT, 203.98, 5.0, 22:37:31, False
1739158652221, SOLUSDT, 203.97, 43.0, 22:37:32, True
1739158652227, SOLUSDT, 203.96, 13.0, 22:37:32, True
1739158652347, SOLUSDT, 203.95, 39.0, 22:37:32, True
1739158652519, SOLUSDT, 203.95, 4.0, 22:37:32, True
1739158652885, SOLUSDT, 203.96, 1.0, 22:37:32, False
1739158652924, SOLUSDT, 203.95, 2.0, 22:37:32, True
1739158653036, SOLUSDT, 203.96, 151.0, 22:37:33, False
1739158653094, SOLUSDT, 203.97, 37.0, 22:37:33, False
1739158653110, SOLUSDT, 203.97, 12.0, 22:37:33, True
1739158653177, SOLUSDT, 203.98, 1.0, 22:37:33, False
1739158653242, SOLUSDT, 203.99, 1.0, 22:37:33, False
1739158653283, SOLUSDT, 203.99, 41.0, 22:37:33, True
1739158653456, SOLUSDT, 203.99, 7.0, 22:37:33, True
1739158653460, SOLUSDT, 203.98, 1.0, 22:37:33, True
1739158653489, SOLUSDT, 203.96, 163.0, 22:37:33, True
1739158653536, SOLUSDT, 203.95, 98.0, 22:37:33, True
1739158653600, SOLUSDT, 203.94, 2.0, 22:37:33, True
1739158653670, SOLUSDT, 203.94, 23.0, 22:37:33, False
1739158653766, SOLUSDT, 203.93, 31.0, 22:37:33, True
1739158653827, SOLUSDT, 203.92, 4.0, 22:37:33, True
1739158653841, SOLUSDT, 203.91, 6.0, 22:37:33, True
1739158653899, SOLUSDT, 203.92, 352.0, 22:37:33, False
1739158653899, SOLUSDT, 203.93, 45.0, 22:37:33, False
1739158653900, SOLUSDT, 203.94, 121.0, 22:37:33, False
1739158653900, SOLUSDT, 203.95, 67.0, 22:37:33, False
1739158653900, SOLUSDT, 203.96, 56.0, 22:37:33, False
1739158653900, SOLUSDT, 203.97, 95.0, 22:37:33, False
1739158653900, SOLUSDT, 203.98, 113.0, 22:37:33, False
1739158653900, SOLUSDT, 203.99, 266.0, 22:37:33, False
1739158653900, SOLUSDT, 204.0, 218.0, 22:37:33, False
1739158653900, SOLUSDT, 204.01, 297.0, 22:37:33, False
1739158653904, SOLUSDT, 204.02, 95.0, 22:37:33, False
1739158653914, SOLUSDT, 204.03, 310.0, 22:37:33, False
1739158653915, SOLUSDT, 204.04, 207.0, 22:37:33, False
1739158653927, SOLUSDT, 204.05, 90.0, 22:37:33, False
1739158653930, SOLUSDT, 204.04, 14.0, 22:37:33, False
1739158653930, SOLUSDT, 204.06, 102.0, 22:37:33, False
1739158653932, SOLUSDT, 204.05, 11.0, 22:37:33, False
1739158653932, SOLUSDT, 204.07, 39.0, 22:37:33, False
1739158653934, SOLUSDT, 204.08, 112.0, 22:37:33, False
1739158653935, SOLUSDT, 204.09, 74.0, 22:37:33, False
1739158653936, SOLUSDT, 204.1, 179.0, 22:37:33, False
1739158653936, SOLUSDT, 204.11, 4.0, 22:37:33, False
1739158653948, SOLUSDT, 204.09, 8.0, 22:37:33, False
1739158653956, SOLUSDT, 204.11, 1.0, 22:37:33, False
1739158653965, SOLUSDT, 204.09, 2.0, 22:37:33, False
1739158653965, SOLUSDT, 204.11, 120.0, 22:37:33, False
1739158653971, SOLUSDT, 204.1, 6.0, 22:37:33, False
1739158653971, SOLUSDT, 204.12, 10.0, 22:37:33, False
1739158653976, SOLUSDT, 204.11, 3.0, 22:37:33, False
1739158654006, SOLUSDT, 204.1, 66.0, 22:37:34, True
1739158654013, SOLUSDT, 204.11, 16.0, 22:37:34, False
1739158654015, SOLUSDT, 204.12, 2.0, 22:37:34, False
1739158654050, SOLUSDT, 204.13, 34.0, 22:37:34, False
1739158654083, SOLUSDT, 204.14, 54.0, 22:37:34, False
1739158654115, SOLUSDT, 204.15, 46.0, 22:37:34, False
1739158654135, SOLUSDT, 204.14, 2.0, 22:37:34, True
1739158654142, SOLUSDT, 204.15, 47.0, 22:37:34, False
1739158654158, SOLUSDT, 204.16, 56.0, 22:37:34, False
1739158654225, SOLUSDT, 204.15, 8.0, 22:37:34, True
1739158654228, SOLUSDT, 204.16, 11.0, 22:37:34, False
1739158654250, SOLUSDT, 204.17, 19.0, 22:37:34, False
1739158654268, SOLUSDT, 204.18, 51.0, 22:37:34, False
1739158654320, SOLUSDT, 204.19, 17.0, 22:37:34, False
1739158654371, SOLUSDT, 204.2, 8.0, 22:37:34, False
1739158654380, SOLUSDT, 204.21, 11.0, 22:37:34, False
1739158654426, SOLUSDT, 204.22, 12.0, 22:37:34, False
1739158654453, SOLUSDT, 204.23, 33.0, 22:37:34, False
1739158654493, SOLUSDT, 204.24, 7.0, 22:37:34, False
1739158654522, SOLUSDT, 204.24, 2.0, 22:37:34, True
1739158654559, SOLUSDT, 204.25, 24.0, 22:37:34, False
1739158654559, SOLUSDT, 204.25, 27.0, 22:37:34, True
1739158654643, SOLUSDT, 204.26, 29.0, 22:37:34, False
1739158654649, SOLUSDT, 204.25, 26.0, 22:37:34, True
1739158654672, SOLUSDT, 204.26, 38.0, 22:37:34, False
1739158654730, SOLUSDT, 204.27, 2.0, 22:37:34, False
1739158654742, SOLUSDT, 204.26, 7.0, 22:37:34, True
1739158654820, SOLUSDT, 204.27, 82.0, 22:37:34, False
1739158654874, SOLUSDT, 204.28, 7.0, 22:37:34, False
1739158654977, SOLUSDT, 204.27, 39.0, 22:37:34, True
1739158655008, SOLUSDT, 204.27, 298.0, 22:37:35, False
1739158655013, SOLUSDT, 204.27, 704.0, 22:37:35, True
1739158655015, SOLUSDT, 204.26, 2.0, 22:37:35, True
1739158655082, SOLUSDT, 204.24, 9.0, 22:37:35, False
1739158655152, SOLUSDT, 204.25, 2.0, 22:37:35, False
1739158655230, SOLUSDT, 204.26, 67.0, 22:37:35, True
1739158655342, SOLUSDT, 204.26, 69.0, 22:37:35, True
1739158655386, SOLUSDT, 204.24, 13.0, 22:37:35, True
1739158655412, SOLUSDT, 204.23, 7.0, 22:37:35, True
1739158655505, SOLUSDT, 204.22, 25.0, 22:37:35, True
1739158655508, SOLUSDT, 204.21, 5.0, 22:37:35, True
1739158655546, SOLUSDT, 204.2, 2.0, 22:37:35, True
